@Article{Nguyen2014,
author="Nguyen, Van-Manh
and Konietzky, Heinz
and Fr{\"u}hwirt, Thomas",
title="New Methodology to Characterize Shear Behavior of Joints by Combination of Direct Shear Box Testing and Numerical Simulations",
journal="Geotechnical and Geological Engineering",
year="2014",
month="Aug",
day="01",
volume="32",
number="4",
pages="829--846",
issn="1573-1529",
doi="10.1007/s10706-014-9761-8",
url="https://doi.org/10.1007/s10706-014-9761-8"
}
@article{Bourdin2000,
	Author = {Bourdin, B. and Francfort, G.A. and Marigo, J.-J.},
	Journal = {J. Mech. and Phys. of Solids},
	Number = {4},
	Pages = {797-826},
	Title = {Numerical experiments in revisited brittle fracture},
	Volume = {48},
	Year = {2000}}
	
@article{Francfort1998,
	Author = {Francfort, G.A. and Marigo, J.-J},
	Journal = {J. Mech. and Phys. of Solids},
	Number = {8},
	Pages = {1319-1342},
	Title = {Revisiting brittle fracture as an energy minimization problem},
	Volume = {46},
	Year = {1998}}
	
@article{Bourdin2008,
	Author = {Bourdin, B. and Francfort, G.A. and Marigo, J.-J.},
	Journal = {Journal of Elasticity},
	Number = {1-3},
	Pages = {5-148},
	Title = {The variational approach to fracture},
	Volume = {91},
	Year = {2008}}
	
@article{Hakim2009,
	author = {Hakim, V. and Karma, A.},
	doi = {10.1016/j.jmps.2008.10.012},
	issn = {00225096},
	journal = {Journal of the Mechanics and Physics of Solids},
	keywords = {Anisotropy,Eshelby tensor,Fracture,Herring torque,Phase field},
	number = {2},
	pages = {342--368},
	title = {{Laws of crack motion and phase-field models of fracture}},
	volume = {57},
	year = {2009}
}
@article{Amor2009,
	archivePrefix = {arXiv},
	arxivId = {arXiv:1011.1669v3},
	author = {Amor, Hanen and Marigo, Jean-jacques and Maurini, Corrado},
	doi = {10.1016/j.cardiores.2006.11.005},
	eprint = {arXiv:1011.1669v3},
	isbn = {9780415524957},
	issn = {2173-5808},
	journal = {Journal of Mechanics and Physics of Solids},
	keywords = {calcium,calmodulin,cam kinase,e-c coupling,heart},
	number = {8},
	pages = {1209--1229},
	pmid = {25081808},
	title = {{Regularized formulation of the variational brittle fracture with unilateral contact: numerical experiments}},
	volume = {57},
	year = {2009}
}
@article{Vignollet2014,
	author = {Vignollet, Julien and May, Stefan and de Borst, Ren{\'{e}} and Verhoosel, Clemens V.},
	doi = {10.1007/s11012-013-9862-0},
	isbn = {1101201398},
	issn = {00256455},
	journal = {Meccanica},
	keywords = {Brittle fracture,Cohesive fracture,Damage,Phase-field models},
	number = {11},
	pages = {2587--2601},
	title = {{Phase-field models for brittle and cohesive fracture}},
	volume = {49},
	year = {2014}
}
@article{Wu2017,
	title = "A unified phase-field theory for the mechanics of damage and quasi-brittle failure",
	journal = "Journal of the Mechanics and Physics of Solids",
	volume = "103",
	pages = "72 - 99",
	year = "2017",
	issn = "0022-5096",
	doi = "https://doi.org/10.1016/j.jmps.2017.03.015",
	url = "http://www.sciencedirect.com/science/article/pii/S0022509616308341",
	author = "J.-Y. Wu",
	keywords = "Phase-field theory, Quasi-brittle failure, Damage, Fracture, Cohesive crack, Concrete",
}
@article{Tanne2018,
	Author = {Tann{\'e}, E. and Li, T. and Bourdin, B. and Marigo, J-J. and Maurini, C.},
	Doi = {10.1016/j.jmps.2017.09.006},
	Journal = {J. Mech. Phys. Solids},
	Pages = {80-99},
	Title = {Crack nucleation in variational phase-field models of brittle fracture},
	Volume = {110},
	Year = {2018},
}
@article{Gerasimov2016,
	title = "A line search assisted monolithic approach for phase-field computing of brittle fracture",
	journal = "Computer Methods in Applied Mechanics and Engineering",
	volume = "312",
	pages = "276 - 303",
	year = "2016",
	note = "Phase Field Approaches to Fracture",
	issn = "0045-7825",
	doi = "https://doi.org/10.1016/j.cma.2015.12.017",
	url = "http://www.sciencedirect.com/science/article/pii/S0045782515004235",
	author = "T. Gerasimov and L. De Lorenzis",
	keywords = "Phase-field, Fracture, Staggered, Monolithic, Line search",
}

@article{Farrell2017,
	author = {Farrell, P. and Maurini, C.},
	doi = {10.1002/nme.5300},
	issn = {10970207},
	journal = {International Journal for Numerical Methods in Engineering},
	keywords = {Newton's method,damage,fracture,nonlinear Gauss–Seidel,phase-field,variational methods},
	number = {5},
	pages = {648--667},
	title = {{Linear and nonlinear solvers for variational phase-field models of brittle fracture}},
	volume = {109},
	year = {2017}
}
@article{Miehe2015_thermo,
	archivePrefix = {arXiv},
	arxivId = {arXiv:1011.1669v3},
	author = {Miehe, C. and Hofacker, M. and Sch{\"{a}}nzel, L. M. and Aldakheel, F.},
	journal = {Computer Methods in Applied Mechanics and Engineering},
	doi = {10.1016/j.cma.2014.11.017},
	eprint = {arXiv:1011.1669v3},
	isbn = {4971168566379},
	issn = {00457825},
	keywords = {Crack propagation,Crazing,Ductile fracture,Dynamic fracture,Phase field modeling,Thermo-plasticity},
	pages = {486--522},
	pmid = {15664853},
	publisher = {Elsevier B.V.},
	title = {{Phase field modeling of fracture in multi-physics problems. Part II. Coupled brittle-to-ductile failure criteria and crack propagation in thermo-elastic-plastic solids}},
	volume = {294},
	year = {2015}
}
@article{Sargado2018,
	title = "High-accuracy phase-field models for brittle fracture based on a new family of degradation functions",
	journal = "Journal of the Mechanics and Physics of Solids",
	volume = "111",
	pages = "458 - 489",
	year = "2018",
	issn = "0022-5096",
	doi = "https://doi.org/10.1016/j.jmps.2017.10.015",
	url = "http://www.sciencedirect.com/science/article/pii/S0022509617303812",
	author = "J.M. Sargado and E. Keilegavlen and I. Berre and J.M. Nordbotten",
	keywords = "Fracture, Phase-field, Degradation function, Damage",
}
@article{Ambati2015,
	archivePrefix = {arXiv},
	arxivId = {arXiv:1011.1669v3},
	author = {Ambati, M. and Gerasimov, T. and {De Lorenzis}, L.},
	doi = {10.1007/s00466-015-1151-4},
	eprint = {arXiv:1011.1669v3},
	isbn = {0046601511514},
	issn = {01787675},
	journal = {Computational Mechanics},
	keywords = {Elastic–plastic solids,Finite element,Fracture,Phase-field model},
	number = {5},
	pages = {1017--1040},
	pmid = {15664853},
	publisher = {Springer Berlin Heidelberg},
	title = {{Phase-field modeling of ductile fracture}},
	url = {http://dx.doi.org/10.1007/s00466-015-1151-4},
	volume = {55},
	year = {2015}
}
@article{Marigo2016,
	Author = {Marigo, J.-J. and Maurini, C. and Pham, K.},
	Doi = {10.1007/s11012-016-0538-4},
	Issn = {1572-9648},
	Journal = {Meccanica},
	Number = {12},
	Pages = {3107--3128},
	Title = {An overview of the modelling of fracture by gradient damage models},
	Url = {http://dx.doi.org/10.1007/s11012-016-0538-4},
	Volume = {51},
	Year = {2016},
}
@article{Kuhn2010,
	author = {Kuhn, C. and M{\"{u}}ller, R.},
	doi = {10.1016/j.engfracmech.2010.08.009},
	issn = {00137944},
	journal = {Engineering Fracture Mechanics},
	keywords = {Energy release rate,Energy-momentum tensor (Eshelby tensor),Finite elements,Fracture,J-integral,Phase field},
	number = {18},
	pages = {3625--3634},
	publisher = {Elsevier Ltd},
	title = {{A continuum phase field model for fracture}},
	url = {http://dx.doi.org/10.1016/j.engfracmech.2010.08.009},
	volume = {77},
	year = {2010}
}
@article{Pham2011,
	Author = {Pham, K. and Amor, H. and Marigo, J.-J. and Maurini, C.},
	Doi = {10.1177/1056789510386852},
	Issn = {1056-7895},
	Journal = {Int. J. Damage Mech.},
	Number = {4, SI},
	Pages = {618-652},
	Title = {Gradient Damage Models and Their Use to Approximate Brittle Fracture},
	Url = {http://dx.doi.org/10.1177/1056789510386852},
	Volume = {20},
	Year = {2011},
}

@article{Verhoosel2010,
	archivePrefix = {arXiv},
	arxivId = {1010.1724},
	author = {Verhoosel, C.V. and {de Borst}, R.},
	doi = {10.1002/nme},
	eprint = {1010.1724},
	isbn = {978-1-4577-0079-8},
	issn = {0743-1619},
	journal = {International Journal for Numerical Methods in Engineering},
	keywords = {nonlinear analysis,reinforced concrete,sectional analysis},
	pages = {1--20},
	pmid = {260949200001},
	title = {{A phase-field model for cohesive fracture}},
	volume = {00},
	year = {2010}
}
@Inbook{Alessi2018,
	author="Alessi, R.
	and Ambati, M.
	and Gerasimov, T.
	and Vidoli, S.
	and De Lorenzis, L.",
	title="Comparison of Phase-Field Models of Fracture Coupled with Plasticity",
	bookTitle="Advances in Computational Plasticity: A Book in Honour of D. Roger J. Owen",
	year="2018",
	publisher="Springer International Publishing",
	address="Cham",
	pages="1--21",
	isbn="978-3-319-60885-3",
	doi="10.1007/978-3-319-60885-3_1",
	url="https://doi.org/10.1007/978-3-319-60885-3_1"
}
@article{Kuhn2016,
	author = {Kuhn, C. and Noll, T. and M{\"{u}}ller, R.},
	doi = {10.1002/gamm.201610003},
	file = {:Users/yoshioka/Documents/Mendeley{\_}files/kuhn2016-2.pdf:pdf},
	issn = {09367195},
	journal = {GAMM Mitteilungen},
	keywords = {ductile fracture,elastic-plastic solids,finite elements,phase field model},
	number = {1},
	pages = {35--54},
	title = {{On phase field modeling of ductile fracture}},
	volume = {39},
	year = {2016}
}
@article{Alessi2017,
	author = {Alessi, R. and Marigo, J. -J. and Maurini, C. and Vidoli, S.},
	doi = {10.1016/j.ijmecsci.2017.05.047},
	isbn = {0020-7403},
	issn = {00207403},
	journal = {International Journal of Mechanical Sciences},
	keywords = {Cohesive fracture,Ductile fracture,Phase-field,Variational methods},
	pages = {1--18},
	publisher = {Elsevier Ltd},
	title = {{Coupling damage and plasticity for a phase-field regularisation of brittle, cohesive and ductile fracture: One-dimensional examples}},
	url = {http://dx.doi.org/10.1016/j.ijmecsci.2017.05.047},
	year = {2017}
}
@article{Seiler2018,
	author = {Seiler, M. and Hantschke, P. and Brosius, A. and K{\"{a}}stner, M.},
	doi = {10.1002/pamm.201800207},
	file = {:Users/yoshioka/Documents/Mendeley{\_}files/seiler2018.pdf:pdf},
	journal = {Pamm},
	number = {1},
	pages = {e201800207},
	title = {{A numerically efficient phase-field model for fatigue fracture - 1D analysis}},
	volume = {18},
	year = {2018}
}
@article{Maurini2013,
	author = {Maurini, C. and Bourdin, B. and Gauthier, G. and Lazarus, V.},
	doi = {10.1007/s10704-013-9824-5},
	issn = {03769429},
	journal = {International Journal of Fracture},
	keywords = {Brittle fracture mechanics,Drying of a colloidal suspension,Free-discontinuity problems,Griffith's fracture energy,Shrinkage cracks,Variational approach to fracture},
	number = {1-2},
	pages = {75--91},
	title = {{Crack patterns obtained by unidirectional drying of a colloidal suspension in a capillary tube: Experiments and numerical simulations using a two-dimensional variational approach}},
	volume = {184},
	year = {2013}
}
@article{Cajuhi2017,
author = {Cajuhi, T. and Sanavia, L. and {De Lorenzis}, Laura},
doi = {10.1007/s00466-017-1459-3},
issn = {01787675},
journal = {Computational Mechanics},
keywords = {Desiccation,Fracture,Phase-field modeling,Porous media mechanics,Variably saturated conditions},
pages = {1--20},
publisher = {Springer Berlin Heidelberg},
title = {{Phase-field modeling of fracture in variably saturated porous media}},
year = {2017}
}
@article{Borden2012,
	author = {Borden, M.J. and Verhoosel, C.V. and Scott, M.A. and Hughes, T.J.R. and Landis, C.M.},
	doi = {10.1016/j.cma.2012.01.008},
	isbn = {0045-7825},
	issn = {00457825},
	journal = {Computer Methods in Applied Mechanics and Engineering},
	keywords = {Adaptive refinement,Fracture mechanics,Isogeometric analysis,Phase field,T-splines},
	pages = {77--95},
	publisher = {Elsevier B.V.},
	title = {{A phase-field description of dynamic brittle fracture}},
	url = {http://dx.doi.org/10.1016/j.cma.2012.01.008},
	volume = {217-220},
	year = {2012}
}
@article{Hofacker2012,
	author = {Hofacker, M. and Miehe, C.},
	doi = {10.1007/s10704-012-9753-8},
	file = {:Users/yoshioka/Documents/Mendeley{\_}files/Hofacker-Miehe2012{\_}Article{\_}ContinuumPhaseFieldModelingOfD.pdf:pdf},
	issn = {03769429},
	journal = {International Journal of Fracture},
	keywords = {Coupled multi-field problems,Crack branching,Dynamic fracture,Incremental variational principles,Phase field modeling},
	number = {1-2},
	pages = {113--129},
	title = {{Continuum phase field modeling of dynamic fracture: Variational principles and staggered FE implementation}},
	volume = {178},
	year = {2012}
}
@article{Schluter2014,
	author = {Schl{\"{u}}ter, A. and Willenb{\"{u}}cher, A. and Kuhn, C. and M{\"{u}}ller, R.},
	doi = {10.1007/s00466-014-1045-x},
	issn = {01787675},
	journal = {Computational Mechanics},
	keywords = {Dynamic brittle fracture,Finite element implementation,Phase field},
	number = {5},
	pages = {1141--1161},
	title = {{Phase field approximation of dynamic brittle fracture}},
	volume = {54},
	year = {2014}
}

@article{Li2016,
	archivePrefix = {arXiv},
	arxivId = {1010.1724},
	author = {Li, T. and Marigo, J.-J. and Guilbaud, D. and Potapov, S.},
	doi = {10.1002/nme},
	eprint = {1010.1724},
	isbn = {978-1-4577-0079-8},
	issn = {0743-1619},
	journal = {International Journal for Numerical Methods in Engineering},
	keywords = {dislocation,molecular dynamics,multiscale simulation,nanomechanics,non-equilibrium},
	number = {March},
	pages = {1--25},
	pmid = {260949200001},
	title = {{Gradient damage modeling of brittle fracture in an explicit dynamic context}},
	volume = {00},
	year = {2016}
}
@article {Miehe2010a,
	author = {Miehe, C. and Welschinger, F. and Hofacker, M.},
	title = {Thermodynamically consistent phase-field models of fracture: Variational principles and multi-field FE implementations},
	journal = {International Journal for Numerical Methods in Engineering},
	volume = {83},
	number = {10},
	publisher = {John Wiley & Sons, Ltd.},
	issn = {1097-0207},
	url = {http://dx.doi.org/10.1002/nme.2861},
	doi = {10.1002/nme.2861},
	pages = {1273--1311},
	keywords = {fracture, crack propagation, phase-fields, gradient-type damage, incremental variational principles, finite elements, coupled multi-field problems},
	year = {2010},
}
@article{Bourdin2014,
	archivePrefix = {arXiv},
	arxivId = {1310.0501},
	author = {Bourdin, Blaise and Marigo, Jean Jacques and Maurini, Corrado and Sicsic, Paul},
	doi = {10.1103/PhysRevLett.112.014301},
	eprint = {1310.0501},
	issn = {00319007},
	journal = {Physical Review Letters},
	number = {1},
	pages = {1--5},
	pmid = {24483901},
	title = {{Morphogenesis and propagation of complex cracks induced by thermal shocks}},
	volume = {112},
	year = {2014}
}
@inproceedings{Bourdin2012,
author = {Bourdin, Blaise and Chukwudozie, Chukwudi P. and Yoshioka, Keita},
booktitle = {the 2012 SPE Annual Technical Conference and Exhibition},
doi = {10.2118/159154-ms},
title = {{A Variational Approach to the Numerical Simulation of Hydraulic Fracturing}},
year = {2012}
}
@Article{Watanabe2012,
  author    = {Watanabe, N and Wang, W and Taron, J and G{\"o}rke, UJ and Kolditz, O},
  title     = {{Lower-dimensional interface elements with local enrichment: application to coupled hydro-mechanical problems in discretely fractured porous media}},
  journal   = {International Journal for Numerical Methods in Engineering},
  year      = {2012},
  volume    = {90},
  number    = {8},
  pages     = {1010--1034},
  owner     = {nagelt},
  publisher = {Wiley Online Library},
  timestamp = {2013.11.10},
  url       = {http://onlinelibrary.wiley.com/doi/10.1002/nme.3353/full},
}
@Article{Moees1999,
  author    = {Mo{\"e}s, Nicolas and Dolbow, John and Belytschko, Ted},
  title     = {A finite element method for crack growth without remeshing},
  journal   = {International journal for numerical methods in engineering},
  year      = {1999},
  volume    = {46},
  number    = {1},
  pages     = {131--150},
  publisher = {Wiley Online Library},
}
@article{belytschko2001arbitrary,
  title={Arbitrary discontinuities in finite elements},
  author={Belytschko, Ted and Mo{\"e}s, Nicolas and Usui, Shuji and Parimi, Chandu},
  journal={International Journal for Numerical Methods in Engineering},
  volume={50},
  number={4},
  pages={993--1013},
  year={2001},
  publisher={Wiley Online Library}
}
@Article{Belytschko2009,
  author   = {Ted Belytschko and Robert Gracie and Giulio Ventura},
  title    = {A review of extended/generalized finite element methods for material modeling},
  journal  = {Modelling and Simulation in Materials Science and Engineering},
  year     = {2009},
  volume   = {17},
  number   = {4},
  pages    = {043001},
  abstract = {The extended and generalized finite element methods are reviewed with an emphasis on their applications to problems in material science: (1) fracture, (2) dislocations, (3) grain boundaries and (4) phases interfaces. These methods facilitate the modeling of complicated geometries and the evolution of such geometries, particularly when combined with level set methods, as for example in the simulation growing cracks or moving phase interfaces. The state of the art for these problems is described along with the history of developments.},
  url      = {http://stacks.iop.org/0965-0393/17/i=4/a=043001},
}
@article{needleman1990analysisb,
  title={An analysis of tensile decohesion along an interface},
  author={Needleman, A},
  journal={Journal of the Mechanics and Physics of Solids},
  volume={38},
  number={3},
  pages={289--324},
  year={1990},
  publisher={Elsevier}
}

@article{Elices2002,
  title={The cohesive zone model: advantages, limitations and challenges},
  author={Elices, MGGV and Guinea, GV and Gomez, J and Planas, J},
  journal={Engineering fracture mechanics},
  volume={69},
  number={2},
  pages={137--163},
  year={2002},
  publisher={Elsevier}
}
@Article{Meschke2015,
  author    = {Meschke, G{\"u}nther and Leonhart, Dirk},
  title     = {A Generalized Finite Element Method for hydro-mechanically coupled analysis of hydraulic fracturing problems using space-time variant enrichment functions},
  journal   = {Computer Methods in Applied Mechanics and Engineering},
  year      = {2015},
  volume    = {290},
  pages     = {438--465},
  publisher = {Elsevier},
}
@book{Murakami2012,
  title={Continuum damage mechanics: a continuum mechanics approach to the analysis of damage and fracture},
  author={Murakami, Sumio},
  volume={185},
  year={2012},
  publisher={Springer Science \& Business Media}
}

@book{Lemaitre2009,
  title={M{\'e}canique des mat{\'e}riaux solides-3eme {\'e}dition},
  author={Lemaitre, Jean and Chaboche, Jean-Louis and Benallal, Ahmed and Desmorat, Rodrigue},
  year={2009},
  publisher={Dunod}
}
@article{Bazant2002,
author = {Bazant, Z, P and Jirasek, M},
title = {Nonlocal integral formulations of plasticity and damage:
survey of progress},
journal = {Journal of Engineering Mechanics},
volume={128},
pages={1119--1149},
year={2002},
}
@article{Duddu2013,
  title={A nonlocal continuum damage mechanics approach to simulation of creep fracture in ice sheets},
  author={Duddu, Ravindra and Waisman, Haim},
  journal={Computational Mechanics},
  pages={1--14},
  year={2013},
  publisher={Springer}
}
@article{Nguyen2015,
  title={A nonlocal coupled damage-plasticity model for the analysis of ductile failure},
  author={Nguyen, Giang D and Korsunsky, Alexander M and Belnoue, Jonathan P-H},
  journal={International Journal of Plasticity},
  volume={64},
  pages={56--75},
  year={2015},
  publisher={Elsevier}
}
@article{Desmorat2015,
  title={Nonlocal models with damage-dependent interactions motivated by internal time},
  author={Desmorat, Rodrigue and Gatuingt, Fabrice and Jir{\'a}sek, Milan},
  journal={Engineering Fracture Mechanics},
  volume={142},
  pages={255--275},
  year={2015},
  publisher={Elsevier}
}

@article{Parisio2018,
  title={Experimental characterization and numerical modelling of fracture processes in granite},
  author={Parisio, Francesco and Tarokh, Ali and Makhnenko, Roman and  Naumov, Dmitri and Miao, Xing-Yuan and Kolditz, Olaf and Nagel,  Thomas},
  year={2018},
  journal={International Journal of Solids and Structures (accepted)},
  institution={Elsevier}
}
@Article{Borst2016,
  author    = {de Borst, Ren{\'e} and Verhoosel, Clemens V},
  title     = {Gradient damage vs phase-field approaches for fracture: Similarities and differences},
  journal   = {Computer Methods in Applied Mechanics and Engineering},
  year      = {2016},
  volume    = {312},
  pages     = {78--94},
  publisher = {Elsevier},
}
@article{Kuhl2000,
  title={An anisotropic gradient damage model for quasi-brittle materials},
  author={Kuhl, Ellen and Ramm, Ekkehard and de Borst, Ren{\'e}},
  journal={Computer Methods in Applied Mechanics and Engineering},
  volume={183},
  number={1},
  pages={87--103},
  year={2000},
  publisher={Elsevier}
}
@article{Parisio2015,
  title={Constitutive analysis of shale: a coupled damage plasticity approach},
  author={Parisio, Francesco and Samat, Sergio and Laloui, Lyesse},
  journal={International Journal of Solids and Structures},
  volume={75},
  pages={88--98},
  year={2015},
  publisher={Elsevier}
}
@Article{Nagel2016a,
  author   = {Nagel, Thomas and G{\"o}rke, Uwe-Jens and Moerman, Kevin M. and Kolditz, Olaf},
  title    = {On advantages of the Kelvin mapping in finite element implementations of deformation processes},
  journal  = {Environmental Earth Sciences},
  year     = {2016},
  volume   = {75},
  number   = {11},
  pages    = {1--11},
  issn     = {1866-6299},
  abstract = {Classical continuum mechanical theories operate on three-dimensional Euclidian space using scalar, vector, and tensor-valued quantities usually up to the order of four. For their numerical treatment, it is common practice to transform the relations into a matrix--vector format. This transformation is usually performed using the so-called Voigt mapping. This mapping does not preserve tensor character leaving significant room for error as stress and strain quantities follow from different mappings and thus have to be treated differently in certain mathematical operations. Despite its conceptual and notational difficulties having been pointed out, the Voigt mapping remains the foundation of most current finite element programmes. An alternative is the so-called Kelvin mapping which has recently gained recognition in studies of theoretical mechanics. This article is concerned with benefits of the Kelvin mapping in numerical modelling tools such as finite element software. The decisive difference to the Voigt mapping is that Kelvin's method preserves tensor character, and thus the numerical matrix notation directly corresponds to the original tensor notation. Further benefits in numerical implementations are that tensor norms are calculated identically without distinguishing stress- or strain-type quantities, and tensor equations can be directly transformed into matrix equations without additional considerations. The only implementational changes are related to a scalar factor in certain finite element matrices, and hence, harvesting the mentioned benefits comes at very little cost.},
  doi      = {10.1007/s12665-016-5429-4},
  url      = {http://dx.doi.org/10.1007/s12665-016-5429-4},
}

@Article{Parisio2018b,
author="Parisio, F.
and Vilarrasa, V.
and Laloui, L.",
title="Hydro-mechanical Modeling of Tunnel Excavation in Anisotropic Shale with Coupled Damage-Plasticity and Micro-dilatant Regularization",
journal="Rock Mechanics and Rock Engineering",
year="2018",
month="Aug",
day="23",
abstract="The disposal of highly radioactive spent nuclear fuel in deep geological media will require excavating a large number of galleries in low-permeable rocks, altering initial rock integrity at the repository site. The FE tunnel excavated in Opalinus Clay at the Mont Terri Underground Research Laboratory (Switzerland) is a unique full-scale experiment to study this process. We conducted a numerical study of the excavation of the FE tunnel in a coupled hydro-mechanical finite element framework, employing an anisotropic plasticity coupled with damage constitutive model. A second gradient of dilatancy formulation is employed to avoid spurious mesh-dependent behavior originating from the softening of the coupled damage-plasticity model. The approach is validated by comparing numerical predictions and in situ observations during and after tunnel excavation in terms of displacements, pore water pressure evolution and degradation of elasticity. Mechanical parameters are calibrated using laboratory experiments and values available in the literature. The model well reproduces the coupled hydro-mechanical processes induced by excavation, giving a good agreement between numerical predictions and experimental in situ monitoring data. Furthermore, the evolution of the excavation damaged zone is correctly predicted. Thus, this modeling approach is suitable for the purpose of simulating tunnel excavation in low-permeable anisotropic quasi-brittle shales.",
issn="1434-453X",
doi="10.1007/s00603-018-1569-z",
url="https://doi.org/10.1007/s00603-018-1569-z"
}
@article{Yoshioka2020,
	author = {Yoshioka, Keita and Naumov, Dmitri and Kolditz, Olaf},
	issn = {00225096},
	journal = {Computer Methods in Applied Mechanics and Engineering},

	publisher = {Elsevier},
	title = {{On Crack Opening Computation in Variational Phase-Field Models for Fracture}},
	year = {under review}
}
@article{Freddi2010,
	author = {Freddi, Francesco and Royer-Carfagni, Gianni},
	doi = {10.1016/j.jmps.2010.02.010},
	issn = {00225096},
	journal = {Journal of the Mechanics and Physics of Solids},
	keywords = {Damage mechanics,Fracture mechanics,Free-discontinuity problem,Structured deformations,Variational calculus},
	number = {8},
	pages = {1154--1174},
	publisher = {Elsevier},
	title = {{Regularized variational theories of fracture: A unified approach}},
	url = {http://dx.doi.org/10.1016/j.jmps.2010.02.010},
	volume = {58},
	year = {2010}
}

@article{Chukwudozie2019,
	doi = {10.1016/j.cma.2018.12.037},
	Author = {Chukwudozie, C. and Bourdin, B. and Yoshioka, K.},
	issn = {00457825},
	journal = {Computer Methods in Applied Mechanics and Engineering},
	keywords = {Hydraulic fracturing,Phase-field models of fracture,Variational approach},
	pages = {957--982},
	publisher = {Elsevier B.V.},
	title = {{A variational phase-field model for hydraulic fracturing in porous media}},
	url = {https://doi.org/10.1016/j.cma.2018.12.037},
	volume = {347},
	year = {2019}
}
@article{Wheeler2014,
author = {Wheeler, M.F. and Wick, T. and Wollner, W},
doi = {10.1016/j.cma.2013.12.005},
isbn = {0045-7825},
issn = {00457825},
journal = {Computer Methods in Applied Mechanics and Engineering},
keywords = {Augmented Lagrangian,Finite elements,Iterative solution,Phase-field,Variational fracture},
pages = {69--85},
publisher = {Elsevier B.V.},
title = {{An augmented-Lagrangian method for the phase-field approach for pressurized fractures}},
url = {http://dx.doi.org/10.1016/j.cma.2013.12.005},
volume = {271},
year = {2014}
}
@article{Santillan2017,
author = {Santill{\'{a}}n, D. and Juanes, R. and Cueto-Felgueroso, L.},
doi = {10.1002/2016JB013572},
issn = {21699356},
journal = {Journal of Geophysical Research: Solid Earth},
keywords = {fluid-driven fracturing,phase field model},
title = {{Phase field model of fluid-driven fracture in elastic media: Immersed-fracture formulation and validation with analytical solutions}},
year = {2017}
}
@article{Wilson2016,
author = {Wilson, Z.A. and Landis, C.M.},
doi = {10.1016/j.jmps.2016.07.019},
isbn = {0022-5096},
issn = {00225096},
journal = {Journal of the Mechanics and Physics of Solids},
keywords = {Continuum thermodynamics,Finite element methods,Hydraulic fracture,Nonlinear poroelasticity},
pages = {264--290},
publisher = {Elsevier},
title = {{Phase-field modeling of hydraulic fracture}},
url = {http://dx.doi.org/10.1016/j.jmps.2016.07.019},
volume = {96},
year = {2016}
}
@Article{Gasser2005,
  author    = {Gasser, Thomas C and Holzapfel, Gerhard A},
  title     = {Modeling 3D crack propagation in unreinforced concrete using PUFEM},
  journal   = {Computer Methods in Applied Mechanics and Engineering},
  year      = {2005},
  volume    = {194},
  number    = {25-26},
  pages     = {2859--2896},
  publisher = {Elsevier},
}
@InProceedings{Meschke2007,
  author       = {Meschke, G{\"u}nther and Dumstorff, Peter and Fleming, Wagner},
  title        = {Variational extended finite element model for cohesive cracks: influence of integration and interface law},
  booktitle    = {IUTAM Symposium on Discretization Methods for Evolving Discontinuities},
  year         = {2007},
  pages        = {283--301},
  organization = {Springer},
}
@Article{Meschke2015,
  author    = {Meschke, G{\"u}nther and Leonhart, Dirk},
  title     = {A Generalized Finite Element Method for hydro-mechanically coupled analysis of hydraulic fracturing problems using space-time variant enrichment functions},
  journal   = {Computer Methods in Applied Mechanics and Engineering},
  year      = {2015},
  volume    = {290},
  pages     = {438--465},
  publisher = {Elsevier},
}
@article{needleman1990analysisa,
  title={An analysis of decohesion along an imperfect interface},
  author={Needleman, A},
  journal={International Journal of Fracture},
  volume={42},
  number={1},
  pages={21--40},
  year={1990},
  publisher={Springer}
}
@article{nguyen2001cohesive,
  title={A cohesive model of fatigue crack growth},
  author={Nguyen, O and Repetto, EA and Ortiz, Michael and Radovitzky, RA},
  journal={International Journal of Fracture},
  volume={110},
  number={4},
  pages={351--369},
  year={2001},
  publisher={Springer}
}
@misc{petsc-web-page,
	Author = {Balay, S. and Abhyankar, S. and Adams, M.~F. and Brown, J. and Brune, P. and Buschelman, K. and Dalcin, L and Dener, A. and Eijkhout, V. and Gropp, W.~D. and Karpeyev, D. and Kaushik, D. and Knepley, M.~G. and May, D.~A. and McInnes, L.~C. and Mills,R.~T. and Munson, T. and Rupp, K. and Sanan, P. and Smith, B.~F. and Zampini, S. and Zhang, H. and Zhang, H.},
	Title = {{PETS}c {W}eb page},
	Url = {http://www.mcs.anl.gov/petsc},
	Year = {2019},
	Bdsk-Url-1 = {http://www.mcs.anl.gov/petsc}}

@techreport{petsc-user-ref,
	Author = {Balay, S. and Abhyankar, S. and Adams, M.~F. and Brown, J. and Brune, P. and Buschelman, K. and Dalcin, L and Dener, A. and Eijkhout, V. and Gropp, W.~D. and Karpeyev, D. and Kaushik, D. and Knepley, M.~G. and May, D.~A. and McInnes, L.~C. and Mills,R.~T. and Munson, T. and Rupp, K. and Sanan, P. and Smith, B.~F. and Zampini, S. and Zhang, H. and Zhang, H.},
	Institution = {Argonne National Laboratory},
	Number = {ANL-95/11 - Revision 3.11},
	Title = {{PETS}c Users Manual},
	Year = 2019}
@article{Klinsmann2015,
	title = "An assessment of the phase field formulation for crack growth",
	journal = "Computer Methods in Applied Mechanics and Engineering",
	volume = "294",
	number = "Supplement C",
	pages = "313 - 330",
	year = "2015",
	issn = "0045-7825",
	doi = "https://doi.org/10.1016/j.cma.2015.06.009",
	url = "http://www.sciencedirect.com/science/article/pii/S0045782515002017",
	author = "Markus Klinsmann and Daniele Rosato and Marc Kamlah and Robert M. McMeeking",
	keywords = "Phase field, Fracture, Energy release rate, Initial crack modeling"
}
@article{Bourdin2011,
	author = {Bourdin, B. and Larsen, C.J. and Richardson, C.L.},
	doi = {10.1007/s10704-010-9562-x},
	issn = {03769429},
	journal = {International Journal of Fracture},
	keywords = {Crack regularization,Dynamic fracture,Griffith's criterion,Phase field,Variational fracture},
	number = {2},
	pages = {133--143},
	title = {{A time-discrete model for dynamic fracture based on crack regularization}},
	volume = {168},
	year = {2011}
}
%editor="O{\~{n}}ate, Eugenio and Peric, Djordje and de Souza Neto, Eduardo 	and Chiumenti, Michele",

@article{Casagrande2017,
author = {Casagrande, Davide and Buzzi, O and Giacomini, Anna and Lambert, Cedric and Fenton, G},
year = {2017},
journal="Rock Mechanics and Rock Engineering",
month = {08},
pages = {69-99},
title = {A New Stochastic Approach to Predict Peak and Residual Shear Strength of Natural Rock Discontinuities},
booktitle = {Rock Mechanics and Rock Engineering}
}

@article{BartonBandis1985,
title = "Strength, deformation and conductivity coupling of rock joints",
journal = "International Journal of Rock Mechanics and Mining Sciences and Geomechanics Abstracts",
volume = "22",
number = "3",
pages = "121 - 140",
year = "1985",
issn = "0148-9062",
doi = "https://doi.org/10.1016/0148-9062(85)93227-9",
url = "http://www.sciencedirect.com/science/article/pii/0148906285932279",
author = "N. Barton and S. Bandis and K. Bakhtar"
}

@Article{Xia2014,
author="Xia, Cai-Chu
and Tang, Zhi-Cheng
and Xiao, Wei-Min
and Song, Ying-Long",
title="New Peak Shear Strength Criterion of Rock Joints Based on Quantified Surface Description",
journal="Rock Mechanics and Rock Engineering",
year="2014",
month="Mar",
day="01",
volume="47",
number="2",
pages="387--400",
issn="1434-453X",
doi="10.1007/s00603-013-0395-6",
url="https://doi.org/10.1007/s00603-013-0395-6"
}

@phdthesis{Kolditz:1990,
  author =        {Kolditz, Olaf},
  school =        {Akademie der Wissenschaften der DDR, Berlin},
  title =         {{Zur Modellierung und Simulation geothermischer
                   Transportprozesse in untert\"agigen
                   Zirkulationssystemen}},
  year =          {1990},
}

@phdthesis{Wollrath:1990,
  author =        {Wollrath, J.},
  school =        {Institut für Str\"omungsmechanik und Elektronisches
                   Rechnen im Bauwesen, Universität Hannover},
  title =         {{Ein Str\"omungs- und Transportmodell für kl\"uftiges
                   Gestein und Untersuchungen zu homogenen
                   Ersatzsystemen}},
  year =          {1990},
}

@phdthesis{Kroehn:1991,
  author =        {Kroehn, K. P.},
  school =        {Institut für Str\"omungsmechanik und Elektronisches
                   Rechnen im Bauwesen, Universität Hannover},
  title =         {{Simulation von Transportvorgängen im kl\"uftigen
                   Gestein mit der Methode der Finiten Elemente}},
  year =          {1991},
}

@phdthesis{Helmig:1993,
  author =        {Helmig, Reiner},
  school =        {Institut für Str\"omungsmechanik und Elektronisches
                   Rechnen im Bauwesen, Universität Hannover},
  title =         {{Theorie und Numerik der Mehrphasenstr\"omungen in
                   gekl\"uftet-por\"osen Medien}},
  year =          {1993},
}

@ARTICLE{Jing20181989,
author={Jing, M. and Heße, F. and Kumar, R. and Wang, W. and Fischer, T. and Walther, M. and Zink, M. and Zech, A. and Samaniego, L. and Kolditz, O. and Attinger, S.},
title={Improved regional-scale groundwater representation by the coupling of the mesoscale Hydrologic Model (mHM v5.7) to the groundwater model OpenGeoSys (OGS)},
journal={Geoscientific Model Development},
year={2018},
volume={11},
number={5},
pages={1989-2007},
doi={10.5194/gmd-11-1989-2018},
url={https://www.scopus.com/inward/record.uri?eid=2-s2.0-85047943206&doi=10.5194%2fgmd-11-1989-2018&partnerID=40&md5=6234b6986b40f40f2238ba796e0dab99},
}

@ARTICLE{Nixdorf2017598,
author={Nixdorf, E. and Sun, Y. and Lin, M. and Kolditz, O.},
title={Development and application of a novel method for regional assessment of groundwater contamination risk in the Songhua River Basin},
journal={Science of the Total Environment},
year={2017},
volume={605-606},
pages={598-609},
doi={10.1016/j.scitotenv.2017.06.126},
url={https://www.scopus.com/inward/record.uri?eid=2-s2.0-85021688798&doi=10.1016%2fj.scitotenv.2017.06.126&partnerID=40&md5=3f57b2b4517238c9da5ef6d051f5b437},
}

@ARTICLE{Walther2017648,
author={Walther, M. and Graf, T. and Kolditz, O. and Liedl, R. and Post, V.},
title={How significant is the slope of the sea-side boundary for modelling seawater intrusion in coastal aquifers?},
journal={Journal of Hydrology},
year={2017},
volume={551},
pages={648-659},
doi={10.1016/j.jhydrol.2017.02.031},
url={https://www.scopus.com/inward/record.uri?eid=2-s2.0-85017554150&doi=10.1016%2fj.jhydrol.2017.02.031&partnerID=40&md5=97128e8dbdde61784c52910eb6a9a54e},
}

@article{Meng2018971,
author={Meng, B. and Vienken, T. and Kolditz, O. and Shao, H.},
title={Modeling the groundwater temperature response to extensive operation of ground source heat pump systems: A case study in Germany},
journal={Energy Procedia},
year={2018},
volume={152},
pages={971-977},
doi={10.1016/j.egypro.2018.09.102},
url={https://www.scopus.com/inward/record.uri?eid=2-s2.0-85058222942&doi=10.1016%2fj.egypro.2018.09.102&partnerID=40&md5=91e5c0bd953ffaf77e792a496498129b},
}

@article{HEIN201680,
  author =        {Philipp Hein and Ke Zhu and Anke Bucher and
                   Olaf Kolditz and Zhonghe Pang and Haibing Shao},
  journal =       {Energy Conversion and Management},
  pages =         {80 - 89},
  title =         {Quantification of exploitable shallow geothermal
                   energy by using Borehole Heat Exchanger coupled
                   Ground Source Heat Pump systems},
  volume =        {127},
  year =          {2016},
  doi =           {10.1016/j.enconman.2016.08.097},
  issn =          {0196-8904},
  url =           {http://www.sciencedirect.com/science/article/pii/
                  S0196890416307786},
}

@ARTICLE{Miao2019977,
author={Miao, X.-Y. and Kolditz, O. and Nagel, T.},
title={Modelling thermal performance degradation of high and low-temperature solid thermal energy storage due to cracking processes using a phase-field approach},
journal={Energy Conversion and Management},
year={2019},
pages={977-989},
doi={10.1016/j.enconman.2018.11.042},
url={https://www.scopus.com/inward/record.uri?eid=2-s2.0-85057002701&doi=10.1016%2fj.enconman.2018.11.042&partnerID=40&md5=e1327f659bca89a7e7404caad0a9bad6},
}

@article{Bottcher2017,
  author =        {B{\"{o}}ttcher, Norbert and G{\"{o}}rke, Uwe-Jens and
                   Kolditz, Olaf and Nagel, Thomas},
  journal =       {Environmental Earth Sciences},
  month =         {feb},
  number =        {3},
  pages =         {98},
  title =         {{Thermo-mechanical investigation of salt caverns for
                   short-term hydrogen storage}},
  volume =        {76},
  year =          {2017},
  doi =           {10.1007/s12665-017-6414-2},
  issn =          {1866-6280},
  url =           {http://link.springer.com/10.1007/s12665-017-6414-2},
}

@ARTICLE{Parisio2019,
author={Parisio, F. and Vinciguerra, S. and Kolditz, O. and Nagel, T.},
title={The brittle-ductile transition in active volcanoes},
journal={Scientific Reports},
year={2019},
volume={9},
number={1},
doi={10.1038/s41598-018-36505-x},
art_number={143},
url={https://www.scopus.com/inward/record.uri?eid=2-s2.0-85060017919&doi=10.1038%2fs41598-018-36505-x&partnerID=40&md5=9cf20f55987bf130a54167482d9db8fa},
}

@ARTICLE{Shao201933,
author={Shao, H. and Hesser, J. and Kolditz, O. and Wang, W.},
title={Hydraulic characterisation of clay rock under consideration of coupled THM properties},
journal={Environmental Science and Engineering},
year={2019},
pages={33-40},
doi={10.1007/978-981-13-2227-3_4},
url={https://www.scopus.com/inward/record.uri?eid=2-s2.0-85060566863&doi=10.1007%2f978-981-13-2227-3_4&partnerID=40&md5=c565fdd6218f0b0e935691846a0fc4b5},
}

@ARTICLE{Lehmann20191102,
author={Lehmann, C. and Kolditz, O. and Nagel, T.},
title={Modelling sorption equilibria and kinetics in numerical simulations of dynamic sorption experiments in packed beds of salt/zeolite composites for thermochemical energy storage},
journal={International Journal of Heat and Mass Transfer},
year={2019},
volume={128},
pages={1102-1113},
doi={10.1016/j.ijheatmasstransfer.2018.09.042},
url={https://www.scopus.com/inward/record.uri?eid=2-s2.0-85053721226&doi=10.1016%2fj.ijheatmasstransfer.2018.09.042&partnerID=40&md5=5805ba85a11c6540ffc0d6d1abe089b4},
}

@incollection{Naumov:2018,
  author =        {Naumov,Dmitri Yu. and Bilke, Lars and Fischer, Thomas and
                   Huang, Yonghui and Lehmann, Christoph and
                   Miao, Xing-Yuan and Nagel, Thomas and
                   Parisio, Francesco and Rink, Karsten and
                   Shao, Haibing and Wang, Wenqing and
                   Watanabe, Norihiro and Zheng, Tianyuan and
                   Kolditz, Olaf},
  booktitle =     {Thermo-Hydro-Mechanical-Chemical Processes in
                   Fractured Porous Media: Modelling and Benchmarking},
  editor =        {Kolditz, Olaf and Nagel, Thomas and Shao, Hua and
                   Wang, Wenqing and Bauer, Sebastian},
  pages =         {271-277},
  publisher =     {Springer International Publishing},
  title =         {Appendix A: OpenGeoSys-6},
  year =          {2018},
  isbn =          {978-3-319-68224-2},
}

@article{Kolditz2004225,
  author =        {Kolditz, O. and Bauer, S.},
  journal =       {Journal of Hydroinformatics},
  number =        {3},
  pages =         {225-244},
  title =         {A process-oriented approach to computing multi-field
                   problems in porous media},
  volume =        {6},
  year =          {2004},
  url =           {https://www.scopus.com/inward/record.uri?eid=2-s2.0-
                  23844552326&partnerID=40&
                  md5=1291c80f7370a2474fd91c8eee976f81},
}

@article{Wang:2006,
  author =        {Wenqing Wang and Olaf Kolditz},
  journal =       {International Journal for Numerical Methods in
                   Engineering},
  number =        {1},
  pages =         {162-201},
  title =         {Object‐oriented finite element analysis of
                   thermo‐hydro‐mechanical (THM) problems in porous
                   media},
  volume =        {69},
  year =          {2006},
  doi =           {10.1002/nme.1770},
  url =           {https://onlinelibrary.wiley.com/doi/abs/10.1002/nme.1770},
}

@ARTICLE{xu2013,
author={Xu, W.J. and Shao, H. and Hesser, J. and Wang, W. and Schuster, K. and Kolditz, O.},
title={Coupled multiphase flow and elasto-plastic modelling of in-situ gas injection experiments in saturated claystone (Mont Terri Rock Laboratory)},
journal={Engineering Geology},
year={2013},
volume={157},
pages={55-68},
doi={10.1016/j.enggeo.2013.02.005},
url={https://www.scopus.com/inward/record.uri?eid=2-s2.0-84875795508&doi=10.1016%2fj.enggeo.2013.02.005&partnerID=40&md5=260c77d2f2bdbfd7b401dd44e74041ac},
}

@misc{ogs:6.2.0,
  author =        {Dmitry Yu. Naumov and Tom Fischer and Lars Bilke and
                   Karsten Rink and Christoph Lehmann and
                   Norihiro Watanabe and Wenqing Wang and Yonghui Huang and Renchao Lu and Chaofan Chen and Jasper Bathmann and Xingyuan Miao and Keita Yoshioka and Haibing Shao and Marc Walther and Tianyuan Zheng and Francesco Parisio and Jan Thiedau and Carolin Helbig and
                   J\"org Buchwald and Thomas Nagel},
  month =         jan,
  title =         {ufz/ogs: 6.1.0},
  year =          {2018},
  doi =           {10.5281/zenodo.2600045},
  url =           {https://doi.org/10.5281/zenodo.2600045},
}
 %https://zenodo.org/badge/latestdoi/1701384

@article{Parisio2017,
  author =        {Parisio, F. and Naumov, D. Yu. and Kolditz, O. and
                   Nagel, T.},
  journal =       {Mechanics Research Communications},
  pages =         {114-118},
  title =         {Material forces: An insight into configurational
                   mechanics},
  volume =        {93},
  year =          {2018},
  doi =           {10.1016/j.mechrescom.2017.09.005},
  url =           {https://www.scopus.com/inward/record.uri?eid=2-s2.0-
                  85030770553&doi=10.1016%2fj.mechrescom.2017.09.005&
                  partnerID=40&md5=649869378490bd8a4deaaafaca04c7f1},
}

@ARTICLE{Yoshioka2019,
author={Yoshioka, K. and Parisio, F. and Naumov, D. and Lu, R. and Kolditz, O. and Nagel, T.},
title={Comparative verification of discrete and smeared numerical approaches for the simulation of hydraulic fracturing},
journal={GEM - International Journal on Geomathematics},
year={2019},
volume={10},
number={1},
doi={10.1007/s13137-019-0126-6},
art_number={13},
url={https://www.scopus.com/inward/record.uri?eid=2-s2.0-85060926518&doi=10.1007%2fs13137-019-0126-6&partnerID=40&md5=3fa2f2dd6e84ab9ffc34c2ad8ac5852b},
}

@article{Wang:2017,
  author =        {Wang, Wenqing and Kolditz, Olaf and Nagel, Thomas},
  journal =       {Applied Energy},
  number =        {P2},
  pages =         {1954-1964},
  title =         {{Parallel finite element modelling of multi-physical
                   processes in thermochemical energy storage devices}},
  volume =        {185},
  year =          {2017},
  doi =           {10.1016/j.apenergy.2015.1},
  url =           {https://ideas.repec.org/a/eee/appene/v185y2017ip2p1954-
                  1964.html},
}

@article{Wang2014a,
  author =        {Wang, Wenqing and Fischer, Thomas and
                   Zehner, Bj{\"o}rn and B{\"o}ttcher, Norbert and
                   G{\"o}rke, Uwe-Jens and Kolditz, Olaf},
  journal =       {Environmental Earth Sciences},
  number =        {5},
  pages =         {2269--2285},
  publisher =     {Springer},
  title =         {{A parallel finite element method for two-phase flow
                   processes in porous media: OpenGeoSys with PETSc}},
  volume =        {73},
  year =          {2015},
}

@article{Birkholzer2018,
  author =        {Birkholzer, J.T. and Bond, A.E. and Hudson, J.A. and
                   Jing, L. and Tsang, C.-F. and Shao, H. and
                   Kolditz, O.},
  journal =       {Environmental Earth Sciences},
  note =          {cited By 1},
  number =        {14},
  title =         {DECOVALEX-2015: an international collaboration for
                   advancing the understanding and modeling of coupled
                   thermo-hydro-mechanical-chemical (THMC) processes in
                   geological systems},
  volume =        {77},
  year =          {2018},
  doi =           {10.1007/s12665-018-7697-7},
  url =           {https://www.scopus.com/inward/record.uri?eid=2-s2.0-
                  85050748482&doi=10.1007%2fs12665-018-7697-7&partnerID=40&
                  md5=46e1a30fd16858ba13124473b554cb21},
}

@article{Kolditz2012613,
  author =        {Kolditz, O. and Bauer, S. and Beyer, C. and
                   Böttcher, N. and Dietrich, P. and Görke, U.-J. and
                   Kalbacher, T. and Park, C.-H. and Sauer, U. and
                   Schütze, C. and Shao, H. and Singh, A. and Taron, J. and
                   Wang, W. and Watanabe, N.},
  journal =       {Environmental Earth Sciences},
  number =        {2},
  pages =         {613-632},
  title =         {A systematic benchmarking approach for geologic {CO2}
                   injection and storage},
  volume =        {67},
  year =          {2012},
  doi =           {10.1007/s12665-012-1656-5},
  url =           {https://link.springer.com/article/10.1007%2Fs12665-012-1656-
                  5},
}

@article{Steefel:2015,
  author =        {Steefel, C. I. and Appelo, C. A. J. and Arora, B. and
                   Jacques, D. and Kalbacher, T. and Kolditz, O. and
                   Lagneau, V. and Lichtner, P. C. and Mayer, K. U. and
                   Meeussen, J. C. L. and Molins, S. and Moulton, D. and
                   Shao, H. and {\v{S}}im{\r{u}}nek, J. and Spycher, N. and
                   Yabusaki, S. B. and Yeh, G. T.},
  journal =       {Computational Geosciences},
  month =         {Jun},
  number =        {3},
  pages =         {445--478},
  title =         {Reactive transport codes for subsurface environmental
                   simulation},
  volume =        {19},
  year =          {2015},
  doi =           {10.1007/s10596-014-9443-x},
  issn =          {1573-1499},
  url =           {https://doi.org/10.1007/s10596-014-9443-x},
}

@article{Maxwell:2015,
  author =        {Reed M. Maxwell and Mario Putti and Steven Meyerhoff and
                   Jens‐Olaf Delfs and Ian M. Ferguson and
                   Valeriy Ivanov and Jongho Kim and Olaf Kolditz and
                   Stefan J. Kollet and Mukesh Kumar and Sonya Lopez and
                   Jie Niu and Claudio Paniconi and Young‐Jin Park and
                   Mantha S. Phanikumar and Chaopeng Shen and
                   Edward A. Sudicky and Mauro Sulis},
  journal =       {Water Resources Research},
  number =        {2},
  pages =         {1531-1549},
  title =         {Surface‐subsurface model intercomparison: A first
                   set of benchmark results to diagnose integrated
                   hydrology and feedbacks},
  volume =        {50},
  year =          {2016},
  doi =           {10.1002/2013WR013725},
  url =           {https://agupubs.onlinelibrary.wiley.com/doi/abs/10.1002/
                  2013WR013725},
}

@book{BB4,
address = {Cham},
series = {Terrestrial Environmental Sciences},
doi = {10.1007/978-3-319-68225-9},
editor = {Kolditz, Olaf and Nagel, Thomas and Shao, Hua and Wang, Wenqing and Bauer, Sebastian},
file = {:home/mok/Dokumente/Mendeley Desktop/Thermo-Hydro-Mechanical-Chemical+Process.pdf:pdf},
isbn = {978-3-319-68224-2},
mendeley-groups = {MyPublications/Bookchapters},
publisher = {Springer International Publishing},
title = {{Thermo-Hydro-Mechanical-Chemical Processes in Fractured Porous Media: Modelling and Benchmarking}},
url = {http://link.springer.com/10.1007/978-3-319-68225-9},
year = {2018}
}

@article{Nagel2017,
  author =        {Nagel, Thomas and Minkley, Wolfgang and
                   B{\"{o}}ttcher, Norbert and Naumov, Dmitri Yu. and
                   G{\"{o}}rke, Uwe-Jens and Kolditz, Olaf},
  journal =       {Computers {\&} Structures},
  month =         {apr},
  pages =         {87--103},
  title =         {{Implicit numerical integration and consistent
                   linearization of inelastic constitutive models of
                   rock salt}},
  volume =        {182},
  year =          {2017},
  doi =           {10.1016/j.compstruc.2016.11.010},
  issn =          {00457949},
  url =           {https://www.sciencedirect.com/science/article/pii/
                  S0045794916306319?via%3Dihub},
}

@book{Lehmann:2018,
  author = {Christoph Lehmann and Olaf Kolditz and Thomas Nagel},
  title = {Models of Thermochemical Heat Storage},
  series = {Computational Modeling of Energy Systems},
  publisher = {Springer International Publishing},
  year = 2018,
  isbn = {978-3-319-71521-6},
  url = {https://www.doi.org/10.1007/978-3-319-71523-0}
}

@book{Diersch2014,
  author =        {Diersch, H.-J.G.},
  journal =       {FEFLOW: Finite Element Modeling of Flow, Mass and
                   Heat Transport in Porous and Fractured Media},
  note =          {cited By 156},
  pages =         {1-996},
  publisher =     {Springer},
  title =         {FEFLOW: Finite element modeling of flow, mass and
                   heat transport in porous and fractured media},
  volume =        {},
  year =          {2014},
  doi =           {10.1007/978-3-642-38739-5},
  url =           {https://www.scopus.com/inward/record.uri?eid=2-s2.0-
                  84929898362&doi=10.1007%2f978-3-642-38739-5&partnerID=40&
                  md5=56d5da174413fea5a274a69b81f34f08},
}

@techreport{bock2009,
  title={Updated review of the rock mechanics properties of the Opalinus clay of the Mont Terri URL based on laboratory and field testing},
  author={Bock, H},
  year={2009},
  institution={Mont Terri Technical Report 2008-04, Q+ S Consult, Germany}
}

@incollection{ziefle2018,
  title={Coupled hydraulic-mechanical simulation of seasonally induced processes in the Mont Terri rock laboratory (Switzerland)},
  author={Ziefle, Gesa and Matray, Jean-Michel and Ma{\ss}mann, Jobst and M{\"o}ri, Andreas},
  booktitle={Mont Terri Rock Laboratory, 20 Years},
  pages={197--214},
  year={2018},
  publisher={Springer}
}

@article{richards1931,
  title={Capillary conduction of liquids through porous mediums},
  author={Richards, Lorenzo Adolph},
  journal={Physics},
  volume={1},
  number={5},
  pages={318--333},
  year={1931},
  publisher={AIP}
}

@article{vangenuchten1980,
  title={A closed-form equation for predicting the hydraulic conductivity of unsaturated soils 1},
  author={Van Genuchten, M Th},
  journal={Soil science society of America journal},
  volume={44},
  number={5},
  pages={892--898},
  year={1980},
  publisher={Soil Science Society of America}
}

@article{wild2015,
  title={Water retention characteristics and state-dependent mechanical and petro-physical properties of a clay shale},
  author={Wild, Katrin M and Wymann, Linda P and Zimmer, Sebastian and Thoeny, Reto and Amann, Florian},
  journal={Rock Mechanics and Rock Engineering},
  volume={48},
  number={2},
  pages={427--439},
  year={2015},
  publisher={Springer}
}

@article{Bilke2019,
  author =        {Bilke, Lars and Flemisch, Bernd and Kolditz, Olaf and Helmig, Rainer and Nagel, Thomas},
  journal =       {Transport in Porous Media},
  title =         {{Development of open-source porous-media simulators: principles and experiences}},
  year =          {2019},
  note = {under review},
}

%%%%%%%%%%%%%%%%%%%%%%%%%%%%%%%%%%%%%%%%%%%%%%%%%%%%%%%%%%%%%%%%%%%%%%%%%%%%%
%material to be selected

Scopus
EXPORT DATE: 18 May 2019

@ARTICLE{Ambati2014383,
author={Ambati, M. and Gerasimov, T. and De Lorenzis, L.},
title={A review on phase-field models of brittle fracture and a new fast hybrid formulation},
journal={Computational Mechanics},
year={2014},
volume={55},
number={2},
pages={383-405},
doi={10.1007/s00466-014-1109-y},
note={cited By 139},
url={https://www.scopus.com/inward/record.uri?eid=2-s2.0-84925465306&doi=10.1007%2fs00466-014-1109-y&partnerID=40&md5=7d28f5d290aefd4e18a1e8d946ef77bd},
document_type={Article},
source={Scopus},
}

@ARTICLE{Ambati2016149,
author={Ambati, M. and Kruse, R. and De Lorenzis, L.},
title={A phase-field model for ductile fracture at finite strains and its experimental verification},
journal={Computational Mechanics},
year={2016},
volume={57},
number={1},
pages={149-167},
doi={10.1007/s00466-015-1225-3},
note={cited By 51},
url={https://www.scopus.com/inward/record.uri?eid=2-s2.0-84953356574&doi=10.1007%2fs00466-015-1225-3&partnerID=40&md5=6ea5e9986cec5163e7121da7ec32ed2a},
document_type={Article},
source={Scopus},
}

@ARTICLE{Asahina201413,
author={Asahina, D. and Houseworth, J.E. and Birkholzer, J.T. and Rutqvist, J. and Bolander, J.E.},
title={Hydro-mechanical model for wetting/drying and fracture development in geomaterials},
journal={Computers and Geosciences},
year={2014},
volume={65},
pages={13-23},
doi={10.1016/j.cageo.2013.12.009},
note={cited By 30},
url={https://www.scopus.com/inward/record.uri?eid=2-s2.0-84896696374&doi=10.1016%2fj.cageo.2013.12.009&partnerID=40&md5=5490a10f1fd340b773435fd4d0d10ff0},
document_type={Article},
source={Scopus},
}

@ARTICLE{Bahrami20063691,
author={Bahrami, M. and Yovanovich, M.M. and Culham, J.R.},
title={Effective thermal conductivity of rough spherical packed beds},
journal={International Journal of Heat and Mass Transfer},
year={2006},
volume={49},
number={19-20},
pages={3691-3701},
doi={10.1016/j.ijheatmasstransfer.2006.02.021},
note={cited By 110},
url={https://www.scopus.com/inward/record.uri?eid=2-s2.0-33745418087&doi=10.1016%2fj.ijheatmasstransfer.2006.02.021&partnerID=40&md5=b41c5d9995d5a19b84a42a3d5cad7e5d},
document_type={Article},
source={Scopus},
}

@ARTICLE{Belytschko1999601,
author={Belytschko, T. and Black, T.},
title={Elastic crack growth in finite elements with minimal remeshing},
journal={International Journal for Numerical Methods in Engineering},
year={1999},
volume={45},
number={5},
pages={601-620},
doi={10.1002/(SICI)1097-0207(19990620)45:5<601::AID-NME598>3.0.CO;2-S},
note={cited By 2659},
url={https://www.scopus.com/inward/record.uri?eid=2-s2.0-0032649861&doi=10.1002%2f%28SICI%291097-0207%2819990620%2945%3a5%3c601%3a%3aAID-NME598%3e3.0.CO%3b2-S&partnerID=40&md5=1ca18aea04bb8c8389d5d84382120132},
document_type={Article},
source={Scopus},
}

@ARTICLE{BolanderJr.1998569,
author={Bolander Jr., J.E. and Saito, S.},
title={Fracture analyses using spring networks with random geometry},
journal={Engineering Fracture Mechanics},
year={1998},
volume={61},
number={5-6},
pages={569-591},
doi={10.1016/S0013-7944(98)00069-1},
note={cited By 322},
url={https://www.scopus.com/inward/record.uri?eid=2-s2.0-0032215888&doi=10.1016%2fS0013-7944%2898%2900069-1&partnerID=40&md5=188c8299d419e896d31f65cdd1d6ce4f},
document_type={Article},
source={Scopus},
}

@ARTICLE{Bourdin2000797,
author={Bourdin, B. and Francfort, G.A. and Marigo, J.-J.},
title={Numerical experiments in revisited brittle fracture},
journal={Journal of the Mechanics and Physics of Solids},
year={2000},
volume={48},
number={4},
pages={797-826},
doi={10.1016/S0022-5096(99)00028-9},
note={cited By 456},
url={https://www.scopus.com/inward/record.uri?eid=2-s2.0-0033891792&doi=10.1016%2fS0022-5096%2899%2900028-9&partnerID=40&md5=01da02b57ea143cb951d24f10375116b},
document_type={Article},
source={Scopus},
}

@ARTICLE{Bui2007339,
author={Bui, H.H. and Sako, K. and Fukagawa, R.},
title={Numerical simulation of soil-water interaction using smoothed particle hydrodynamics (SPH) method},
journal={Journal of Terramechanics},
year={2007},
volume={44},
number={5},
pages={339-346},
doi={10.1016/j.jterra.2007.10.003},
note={cited By 94},
url={https://www.scopus.com/inward/record.uri?eid=2-s2.0-40049105200&doi=10.1016%2fj.jterra.2007.10.003&partnerID=40&md5=5a0b98b5a2ab9386c0035c6a9f363847},
document_type={Article},
source={Scopus},
}

@ARTICLE{Bui20141321,
author={Bui, H.H. and Kodikara, J.K. and Bouazza, A. and Haque, A. and Ranjith, P.G.},
title={A novel computational approach for large deformation and post-failure analyses of segmental retaining wall systems},
journal={International Journal for Numerical and Analytical Methods in Geomechanics},
year={2014},
volume={38},
number={13},
pages={1321-1340},
doi={10.1002/nag.2253},
note={cited By 15},
url={https://www.scopus.com/inward/record.uri?eid=2-s2.0-84906087235&doi=10.1002%2fnag.2253&partnerID=40&md5=d6ecaf69a93a920bb5e67088563a4690},
document_type={Article},
source={Scopus},
}

@ARTICLE{Cappa20061062,
author={Cappa, F. and Guglielmi, Y. and Rutqvist, J. and Tsang, C.-F. and Thoraval, A.},
title={Hydromechanical modelling of pulse tests that measure fluid pressure and fracture normal displacement at the Coaraze Laboratory site, France},
journal={International Journal of Rock Mechanics and Mining Sciences},
year={2006},
volume={43},
number={7},
pages={1062-1082},
doi={10.1016/j.ijrmms.2006.03.006},
note={cited By 47},
url={https://www.scopus.com/inward/record.uri?eid=2-s2.0-33745258673&doi=10.1016%2fj.ijrmms.2006.03.006&partnerID=40&md5=aa6363e2a01f23f6a91b3f41200703b1},
document_type={Article},
source={Scopus},
}

@ARTICLE{Chen201645,
author={Chen, W. and Konietzky, H. and Tan, X. and Frühwirt, T.},
title={Pre-failure damage analysis for brittle rocks under triaxial compression},
journal={Computers and Geotechnics},
year={2016},
volume={74},
pages={45-55},
doi={10.1016/j.compgeo.2015.11.018},
note={cited By 24},
url={https://www.scopus.com/inward/record.uri?eid=2-s2.0-84955297618&doi=10.1016%2fj.compgeo.2015.11.018&partnerID=40&md5=9ed708d4ae214f1e802a3345ab4b66cb},
document_type={Article},
source={Scopus},
}

@ARTICLE{Chessa200310,
author={Chessa, J. and Belytschko, T.},
title={An extended finite element method for two-phase fluids},
journal={Journal of Applied Mechanics, Transactions ASME},
year={2003},
volume={70},
number={1},
pages={10-17},
doi={10.1115/1.1526599},
note={cited By 195},
url={https://www.scopus.com/inward/record.uri?eid=2-s2.0-0037235883&doi=10.1115%2f1.1526599&partnerID=40&md5=8511ee8944518c906523afe8494745f6},
document_type={Conference Paper},
source={Scopus},
}

@ARTICLE{Chung199615094,
author={Chung, J. and Roos, A. and De Hosson, J.M. and van der Giessen, E.},
title={Fracture of disordered three-dimensional spring networks: A computer simulation methodology},
journal={Physical Review B - Condensed Matter and Materials Physics},
year={1996},
volume={54},
number={21},
pages={15094-15100},
doi={10.1103/PhysRevB.54.15094},
note={cited By 23},
url={https://www.scopus.com/inward/record.uri?eid=2-s2.0-0000948640&doi=10.1103%2fPhysRevB.54.15094&partnerID=40&md5=a296ee7824a47f97d6472ce5a04e72c2},
document_type={Article},
source={Scopus},
}

@ARTICLE{Cundall197947,
author={Cundall, P.A. and Strack, O.D.L.},
title={A discrete numerical model for granular assemblies},
journal={Geotechnique},
year={1979},
volume={29},
number={1},
pages={47-65},
doi={10.1680/geot.1979.29.1.47},
note={cited By 9142},
url={https://www.scopus.com/inward/record.uri?eid=2-s2.0-0018441375&doi=10.1680%2fgeot.1979.29.1.47&partnerID=40&md5=a8037663bf839b51a9012c4d48cbb561},
document_type={Article},
source={Scopus},
}

@ARTICLE{Curtin1990535,
author={Curtin, W.A. and Scher, H.},
title={Brittle Fracture in Disordered Materials: A Spring Network Model},
journal={Journal of Materials Research},
year={1990},
volume={5},
number={3},
pages={535-553},
doi={10.1557/JMR.1990.0535},
note={cited By 117},
url={https://www.scopus.com/inward/record.uri?eid=2-s2.0-0025403740&doi=10.1557%2fJMR.1990.0535&partnerID=40&md5=6cd4b0ffb36b23e865947bbccb7463c0},
document_type={Article},
source={Scopus},
}

@ARTICLE{Flemisch20111102,
author={Flemisch, B. and Darcis, M. and Erbertseder, K. and Faigle, B. and Lauser, A. and Mosthaf, K. and Müthing, S. and Nuske, P. and Tatomir, A. and Wolff, M. and Helmig, R.},
title={DuMux: DUNE for multi-{phase,component,scale,physics,...} flow and transport in porous media},
journal={Advances in Water Resources},
year={2011},
volume={34},
number={9},
pages={1102-1112},
doi={10.1016/j.advwatres.2011.03.007},
note={cited By 138},
url={https://www.scopus.com/inward/record.uri?eid=2-s2.0-80052851442&doi=10.1016%2fj.advwatres.2011.03.007&partnerID=40&md5=36cdc16725c0cfe2465d1e3a962ead03},
document_type={Article},
source={Scopus},
}

@ARTICLE{Francfort19981319,
author={Francfort, G.A. and Marigo, J.-J.},
title={Revisiting brittle fracture as an energy minimization problem},
journal={Journal of the Mechanics and Physics of Solids},
year={1998},
volume={46},
number={8},
pages={1319-1342},
doi={10.1016/S0022-5096(98)00034-9},
note={cited By 770},
url={https://www.scopus.com/inward/record.uri?eid=2-s2.0-0032139947&doi=10.1016%2fS0022-5096%2898%2900034-9&partnerID=40&md5=4441e248e6a61f13186696848f07556f},
document_type={Article},
source={Scopus},
}

@ARTICLE{Gerasimov2016276,
author={Gerasimov, T. and De Lorenzis, L.},
title={A line search assisted monolithic approach for phase-field computing of brittle fracture},
journal={Computer Methods in Applied Mechanics and Engineering},
year={2016},
volume={312},
pages={276-303},
doi={10.1016/j.cma.2015.12.017},
note={cited By 35},
url={https://www.scopus.com/inward/record.uri?eid=2-s2.0-84969915609&doi=10.1016%2fj.cma.2015.12.017&partnerID=40&md5=d1ed765bf8aa740021c6a98890a59337},
document_type={Article},
source={Scopus},
}

@ARTICLE{Ghanbarzadeh20151069,
author={Ghanbarzadeh, S. and Hesse, M.A. and Prodanović, M. and Gardner, J.E.},
title={Deformation-assisted fluid percolation in rock salt},
journal={Science},
year={2015},
volume={350},
number={6264},
pages={1069-1072},
doi={10.1126/science.aac8747},
note={cited By 13},
url={https://www.scopus.com/inward/record.uri?eid=2-s2.0-84948464522&doi=10.1126%2fscience.aac8747&partnerID=40&md5=26f622a790eddbe5abdf5bb9b92488e1},
document_type={Article},
source={Scopus},
}

@ARTICLE{Guglielmi20157729,
author={Guglielmi, Y. and Elsworth, D. and Cappa, F. and Henry, P. and Gout, C. and Dick, P. and Durand, J.},
title={In situ observations on the coupling between hydraulic diffusivity and displacements during fault reactivation in shales},
journal={Journal of Geophysical Research: Solid Earth},
year={2015},
volume={120},
number={11},
pages={7729-7748},
doi={10.1002/2015JB012158},
note={cited By 29},
url={https://www.scopus.com/inward/record.uri?eid=2-s2.0-84955192385&doi=10.1002%2f2015JB012158&partnerID=40&md5=83ec6a3b98ec5d4f68c43750a3a036f0},
document_type={Article},
source={Scopus},
}

@ARTICLE{Heider201738,
author={Heider, Y. and Markert, B.},
title={A phase-field modeling approach of hydraulic fracture in saturated porous media},
journal={Mechanics Research Communications},
year={2017},
volume={80},
pages={38-46},
doi={10.1016/j.mechrescom.2016.07.002},
note={cited By 34},
url={https://www.scopus.com/inward/record.uri?eid=2-s2.0-85027943493&doi=10.1016%2fj.mechrescom.2016.07.002&partnerID=40&md5=5208ae110cb0fbb193a52600e05c800a},
document_type={Article},
source={Scopus},
}

@ARTICLE{Jagota19933123,
author={Jagota, A. and Scherer, G.W.},
title={Viscosities and Sintering Rates of a Two‐Dimensional Granular Composite},
journal={Journal of the American Ceramic Society},
year={1993},
volume={76},
number={12},
pages={3123-3135},
doi={10.1111/j.1151-2916.1993.tb06617.x},
note={cited By 40},
url={https://www.scopus.com/inward/record.uri?eid=2-s2.0-0027849082&doi=10.1111%2fj.1151-2916.1993.tb06617.x&partnerID=40&md5=555233aa671a2af11d861443160d1d98},
document_type={Article},
source={Scopus},
}

@ARTICLE{Jourine20041189,
author={Jourine, S. and Valkó, P.P. and Kronenberg, A.K.},
title={Modelling poroelastic hollow cylinder experiments with realistic boundary conditions},
journal={International Journal for Numerical and Analytical Methods in Geomechanics},
year={2004},
volume={28},
number={12},
pages={1189-1205},
doi={10.1002/nag.383},
note={cited By 15},
url={https://www.scopus.com/inward/record.uri?eid=2-s2.0-4844224968&doi=10.1002%2fnag.383&partnerID=40&md5=090a5e985765bf4c482de3b740d4fd80},
document_type={Article},
source={Scopus},
}

@ARTICLE{Khoei2012701,
author={Khoei, A.R. and Moallemi, S. and Haghighat, E.},
title={Thermo-hydro-mechanical modeling of impermeable discontinuity in saturated porous media with X-FEM technique},
journal={Engineering Fracture Mechanics},
year={2012},
volume={96},
pages={701-723},
doi={10.1016/j.engfracmech.2012.10.003},
note={cited By 28},
url={https://www.scopus.com/inward/record.uri?eid=2-s2.0-84869499275&doi=10.1016%2fj.engfracmech.2012.10.003&partnerID=40&md5=5831111d3efae00b5ee60cbbb3f346ed},
document_type={Article},
source={Scopus},
}

@ARTICLE{Lee20111199,
author={Lee, C.-C. and Lee, C.-H. and Yeh, H.-F. and Lin, H.-I.},
title={Modeling spatial fracture intensity as a control on flow in fractured rock},
journal={Environmental Earth Sciences},
year={2011},
volume={63},
number={6},
pages={1199-1211},
doi={10.1007/s12665-010-0794-x},
note={cited By 25},
url={https://www.scopus.com/inward/record.uri?eid=2-s2.0-79959599395&doi=10.1007%2fs12665-010-0794-x&partnerID=40&md5=0d609ff6ffffe29f26b6e06c423970c4},
document_type={Article},
source={Scopus},
}

@ARTICLE{Lei201627,
author={Lei, X. and Funatsu, T. and Ma, S. and Liu, L.},
title={A laboratory acoustic emission experiment and numerical simulation of rock fracture driven by a high-pressure fluid source},
journal={Journal of Rock Mechanics and Geotechnical Engineering},
year={2016},
volume={8},
number={1},
pages={27-34},
doi={10.1016/j.jrmge.2015.02.010},
note={cited By 10},
url={https://www.scopus.com/inward/record.uri?eid=2-s2.0-84969822780&doi=10.1016%2fj.jrmge.2015.02.010&partnerID=40&md5=7a261e20b4cc19d192680de55270d38e},
document_type={Article},
source={Scopus},
}

@ARTICLE{McCaffrey2003109,
author={McCaffrey, K.J.W. and Sleight, J.M. and Pugliese, S. and Holdsworth, R.E.},
title={Fracture formation and evolution in crystalline rocks: Insights from attribute analysis},
journal={Geological Society Special Publication},
year={2003},
volume={214},
pages={109-124},
doi={10.1144/GSL.SP.2003.214.01.07},
note={cited By 16},
url={https://www.scopus.com/inward/record.uri?eid=2-s2.0-0038106306&doi=10.1144%2fGSL.SP.2003.214.01.07&partnerID=40&md5=6e6c90b42a7255e533f7aa26c5df571a},
document_type={Article},
source={Scopus},
}

@ARTICLE{Meakin1991226,
author={Meakin, P.},
title={Models for material failure and deformation},
journal={Science},
year={1991},
volume={252},
number={5003},
pages={226-234},
doi={10.1126/science.252.5003.226},
note={cited By 104},
url={https://www.scopus.com/inward/record.uri?eid=2-s2.0-0001481039&doi=10.1126%2fscience.252.5003.226&partnerID=40&md5=6682696a6fd67a60fb64f7d83f360232},
document_type={Article},
source={Scopus},
}

@ARTICLE{Meschke2015438,
author={Meschke, G. and Leonhart, D.},
title={A Generalized Finite Element Method for hydro-mechanically coupled analysis of hydraulic fracturing problems using space-time variant enrichment functions},
journal={Computer Methods in Applied Mechanics and Engineering},
year={2015},
volume={290},
pages={438-465},
doi={10.1016/j.cma.2015.03.005},
note={cited By 19},
url={https://www.scopus.com/inward/record.uri?eid=2-s2.0-84927606032&doi=10.1016%2fj.cma.2015.03.005&partnerID=40&md5=668a8044f9c851bc39847b1e8e1c2094},
document_type={Article},
source={Scopus},
}

@ARTICLE{Miehe2015486,
author={Miehe, C. and Hofacker, M. and Schänzel, L.-M. and Aldakheel, F.},
title={Phase field modeling of fracture in multi-physics problems. Part II. Coupled brittle-to-ductile failure criteria and crack propagation in thermo-elastic-plastic solids},
journal={Computer Methods in Applied Mechanics and Engineering},
year={2015},
volume={294},
pages={486-522},
doi={10.1016/j.cma.2014.11.017},
note={cited By 103},
url={https://www.scopus.com/inward/record.uri?eid=2-s2.0-84938201952&doi=10.1016%2fj.cma.2014.11.017&partnerID=40&md5=97b4b656dca5ddcbc1e656e5771497c2},
document_type={Article},
source={Scopus},
}

@ARTICLE{Miehe20102765,
author={Miehe, C. and Hofacker, M. and Welschinger, F.},
title={A phase field model for rate-independent crack propagation: Robust algorithmic implementation based on operator splits},
journal={Computer Methods in Applied Mechanics and Engineering},
year={2010},
volume={199},
number={45-48},
pages={2765-2778},
doi={10.1016/j.cma.2010.04.011},
note={cited By 426},
url={https://www.scopus.com/inward/record.uri?eid=2-s2.0-78549262648&doi=10.1016%2fj.cma.2010.04.011&partnerID=40&md5=54d653680d5018ac1d04f8d77f2a0eb8},
document_type={Article},
source={Scopus},
}

@ARTICLE{Miehe20101273,
author={Miehe, C. and Welschinger, F. and Hofacker, M.},
title={Thermodynamically consistent phase-field models of fracture: Variational principles and multi-field FE implementations},
journal={International Journal for Numerical Methods in Engineering},
year={2010},
volume={83},
number={10},
pages={1273-1311},
doi={10.1002/nme.2861},
note={cited By 434},
url={https://www.scopus.com/inward/record.uri?eid=2-s2.0-77956102470&doi=10.1002%2fnme.2861&partnerID=40&md5=be6c653e8c31a5140fc71ebc8e170a9d},
document_type={Article},
source={Scopus},
}

@ARTICLE{Mikelic20151171,
author={Mikelić, A. and Wheeler, M.F. and Wick, T.},
title={Phase-field modeling of a fluid-driven fracture in a poroelastic medium},
journal={Computational Geosciences},
year={2015},
volume={19},
number={6},
pages={1171-1195},
doi={10.1007/s10596-015-9532-5},
note={cited By 44},
url={https://www.scopus.com/inward/record.uri?eid=2-s2.0-84954384579&doi=10.1007%2fs10596-015-9532-5&partnerID=40&md5=b0a0f8cfe6da5de307678480f6bc029d},
document_type={Article},
source={Scopus},
}

@CONFERENCE{Minkley20131522,
author={Minkley, W. and Knauth, M. and Brückner, D.},
title={Discontinuum-mechanical behaviour of salt rocks and the practical relevance for the integrity of salinar barriers},
journal={47th US Rock Mechanics / Geomechanics Symposium 2013},
year={2013},
volume={2},
pages={1522-1534},
note={cited By 6},
url={https://www.scopus.com/inward/record.uri?eid=2-s2.0-84892865803&partnerID=40&md5=c6cd081f5b8e989077f574b2036c3bc5},
document_type={Conference Paper},
source={Scopus},
}

@ARTICLE{Mitchell2008,
author={Mitchell, T.M. and Faulkner, D.R.},
title={Experimental measurements of permeability evolution during triaxial compression of initially intact crystalline rocks and implications for fluid flow in fault zones},
journal={Journal of Geophysical Research: Solid Earth},
year={2008},
volume={113},
number={11},
doi={10.1029/2008JB005588},
art_number={B11412},
note={cited By 105},
url={https://www.scopus.com/inward/record.uri?eid=2-s2.0-58549118954&doi=10.1029%2f2008JB005588&partnerID=40&md5=0a0a9c82f8849a8f9b8439d72e337095},
document_type={Article},
source={Scopus},
}

@ARTICLE{Mohammadnejad2013327,
author={Mohammadnejad, T. and Khoei, A.R.},
title={An extended finite element method for fluid flow in partially saturated porous media with weak discontinuities; The convergence analysis of local enrichment strategies},
journal={Computational Mechanics},
year={2013},
volume={51},
number={3},
pages={327-345},
doi={10.1007/s00466-012-0732-8},
note={cited By 26},
url={https://www.scopus.com/inward/record.uri?eid=2-s2.0-84878516192&doi=10.1007%2fs00466-012-0732-8&partnerID=40&md5=66685050bd7f7a62d02b1d08fcff898b},
document_type={Article},
source={Scopus},
}

@ARTICLE{Monaghan2011323,
author={Monaghan, J.J.},
title={Smoothed particle hydrodynamics and its diverse applications},
journal={Annual Review of Fluid Mechanics},
year={2011},
volume={44},
pages={323-346},
doi={10.1146/annurev-fluid-120710-101220},
note={cited By 306},
url={https://www.scopus.com/inward/record.uri?eid=2-s2.0-84555202477&doi=10.1146%2fannurev-fluid-120710-101220&partnerID=40&md5=ed477df20f135de1120678acb7137eb0},
document_type={Article},
source={Scopus},
}

@ARTICLE{Morris2000333,
author={Morris, J.P.},
title={Simulating surface tension with smoothed particle hydrodynamics},
journal={International Journal for Numerical Methods in Fluids},
year={2000},
volume={33},
number={3},
pages={333-353},
doi={10.1002/1097-0363(20000615)33:3<333::AID-FLD11>3.0.CO;2-7},
note={cited By 272},
url={https://www.scopus.com/inward/record.uri?eid=2-s2.0-0034086814&doi=10.1002%2f1097-0363%2820000615%2933%3a3%3c333%3a%3aAID-FLD11%3e3.0.CO%3b2-7&partnerID=40&md5=6cd2a9a217130352c264852034b5ff46},
document_type={Article},
source={Scopus},
}

@ARTICLE{Nguyen2014829,
author={Nguyen, V.-M. and Konietzky, H. and Frühwirt, T.},
title={New Methodology to Characterize Shear Behavior of Joints by Combination of Direct Shear Box Testing and Numerical Simulations},
journal={Geotechnical and Geological Engineering},
year={2014},
volume={32},
number={4},
pages={829-846},
doi={10.1007/s10706-014-9761-8},
note={cited By 12},
url={https://www.scopus.com/inward/record.uri?eid=2-s2.0-84903614388&doi=10.1007%2fs10706-014-9761-8&partnerID=40&md5=27c07619b0509aaa2420c75fe19feaed},
document_type={Article},
source={Scopus},
}

@ARTICLE{Nussbaum2011187,
author={Nussbaum, C. and Bossart, P. and Amann, F. and Aubourg, C.},
title={Analysis of tectonic structures and excavation induced fractures in the Opalinus Clay, Mont Terri underground rock laboratory (Switzerland)},
journal={Swiss Journal of Geosciences},
year={2011},
volume={104},
number={2},
pages={187-210},
doi={10.1007/s00015-011-0070-4},
note={cited By 56},
url={https://www.scopus.com/inward/record.uri?eid=2-s2.0-80053357495&doi=10.1007%2fs00015-011-0070-4&partnerID=40&md5=bdecbb7a46a0ee37a74f0c3e6dceb715},
document_type={Article},
source={Scopus},
}

@ARTICLE{Pruess2004738,
author={Pruess, K.},
title={The TOUGH codes-a family of simulation tools for multiphase flow and transport processes in permeable media},
journal={Vadose Zone Journal},
year={2004},
volume={3},
number={3},
pages={738-746},
doi={10.2113/3.3.738},
note={cited By 201},
url={https://www.scopus.com/inward/record.uri?eid=2-s2.0-25444521329&doi=10.2113%2f3.3.738&partnerID=40&md5=f908b539cf63e84570b18e1d74667b8a},
document_type={Article},
source={Scopus},
}

@ARTICLE{Rizvi2016367,
author={Rizvi, Z.H. and Sattari, A.S. and Wuttke, F.},
title={Numerical analysis of heat conduction in granular geo-material using lattice element method},
journal={Energy Geotechnics - Proceedings of the 1st International Conference on Energy Geotechnics, ICEGT 2016},
year={2016},
pages={367-372},
note={cited By 6},
url={https://www.scopus.com/inward/record.uri?eid=2-s2.0-85002487989&partnerID=40&md5=178e6e59f3098d957546f7d9fc51fe1e},
document_type={Conference Paper},
source={Scopus},
}

@ARTICLE{Rutqvist201548,
author={Rutqvist, J.},
title={Fractured rock stress-permeability relationships from in situ data and effects of temperature and chemical-mechanical couplings},
journal={Geofluids},
year={2015},
volume={15},
number={1-2},
pages={48-66},
doi={10.1111/gfl.12089},
note={cited By 54},
url={https://www.scopus.com/inward/record.uri?eid=2-s2.0-84923132322&doi=10.1111%2fgfl.12089&partnerID=40&md5=ca19eac1ce607dc9e6cc427e6e22c4e3},
document_type={Article},
source={Scopus},
}

@ARTICLE{Sahimi1993713,
author={Sahimi, M. and Arbabi, S.},
title={Mechanics of disordered solids. III. Fracture properties},
journal={Physical Review B},
year={1993},
volume={47},
number={2},
pages={713-722},
doi={10.1103/PhysRevB.47.713},
note={cited By 80},
url={https://www.scopus.com/inward/record.uri?eid=2-s2.0-33646968207&doi=10.1103%2fPhysRevB.47.713&partnerID=40&md5=26e707cb0bbbad4597ff559392dec81e},
document_type={Article},
source={Scopus},
}

@ARTICLE{Schlangen1992435,
author={Schlangen, E. and Van Mier, J.G.M.},
title={Micromechanical Analysis of Fracture of Concrete},
journal={International Journal of Damage Mechanics},
year={1992},
volume={1},
number={4},
pages={435-454},
doi={10.1177/105678959200100404},
note={cited By 33},
url={https://www.scopus.com/inward/record.uri?eid=2-s2.0-84973706376&doi=10.1177%2f105678959200100404&partnerID=40&md5=2ec07687c26f4394d51820bc4c463110},
document_type={Article},
source={Scopus},
}

@ARTICLE{Shao2014155,
author={Shao, Q. and Bouhala, L. and Younes, A. and Núñez, P. and Makradi, A. and Belouettar, S.},
title={An XFEM model for cracked porous media: Effects of fluid flow and heat transfer},
journal={International Journal of Fracture},
year={2014},
volume={185},
number={1-2},
pages={155-169},
doi={10.1007/s10704-013-9916-2},
note={cited By 9},
url={https://www.scopus.com/inward/record.uri?eid=2-s2.0-84891626919&doi=10.1007%2fs10704-013-9916-2&partnerID=40&md5=ef78fc88b45131e94e86f5bc7792073f},
document_type={Article},
source={Scopus},
}

@ARTICLE{Sivanesapillai2016212,
author={Sivanesapillai, R. and Falkner, N. and Hartmaier, A. and Steeb, H.},
title={A CSF-SPH method for simulating drainage and imbibition at pore-scale resolution while tracking interfacial areas},
journal={Advances in Water Resources},
year={2016},
volume={95},
pages={212-234},
doi={10.1016/j.advwatres.2015.08.012},
note={cited By 16},
url={https://www.scopus.com/inward/record.uri?eid=2-s2.0-84941686207&doi=10.1016%2fj.advwatres.2015.08.012&partnerID=40&md5=71d87ec1e721bfb028b73f0025e3320b},
document_type={Article},
source={Scopus},
}

@ARTICLE{Strouboulis200043,
author={Strouboulis, T. and Babuška, I. and Copps, K.},
title={The design and analysis of the Generalized Finite Element Method},
journal={Computer Methods in Applied Mechanics and Engineering},
year={2000},
volume={181},
number={1-3},
pages={43-69},
doi={10.1016/S0045-7825(99)00072-9},
note={cited By 543},
url={https://www.scopus.com/inward/record.uri?eid=2-s2.0-0033639850&doi=10.1016%2fS0045-7825%2899%2900072-9&partnerID=40&md5=89bdfeff55cebfc282ae5ac7f0ea133b},
document_type={Article},
source={Scopus},
}

@ARTICLE{Talreja1991165,
author={Talreja, R.},
title={Continuum modelling of damage in ceramic matrix composites},
journal={Mechanics of Materials},
year={1991},
volume={12},
number={2},
pages={165-180},
doi={10.1016/0167-6636(91)90061-4},
note={cited By 84},
url={https://www.scopus.com/inward/record.uri?eid=2-s2.0-0026241947&doi=10.1016%2f0167-6636%2891%2990061-4&partnerID=40&md5=cc571531b99a4f6a3f2ba238297b9781},
document_type={Article},
source={Scopus},
}

@ARTICLE{Tan20151289,
author={Tan, X. and Konietzky, H. and Frühwirt, T.},
title={Experimental and Numerical Study on Evolution of Biot’s Coefficient During Failure Process for Brittle Rocks},
journal={Rock Mechanics and Rock Engineering},
year={2015},
volume={48},
number={3},
pages={1289-1296},
doi={10.1007/s00603-014-0618-5},
note={cited By 8},
url={https://www.scopus.com/inward/record.uri?eid=2-s2.0-84939885292&doi=10.1007%2fs00603-014-0618-5&partnerID=40&md5=2a8b6ddd67c549b783b5f8ead1c1532e},
document_type={Article},
source={Scopus},
}

@ARTICLE{Tartakovsky2005610,
author={Tartakovsky, A.M. and Meakin, P.},
title={A smoothed particle hydrodynamics model for miscible flow in three-dimensional fractures and the two-dimensional Rayleigh-Taylor instability},
journal={Journal of Computational Physics},
year={2005},
volume={207},
number={2},
pages={610-624},
doi={10.1016/j.jcp.2005.02.001},
note={cited By 127},
url={https://www.scopus.com/inward/record.uri?eid=2-s2.0-18844409540&doi=10.1016%2fj.jcp.2005.02.001&partnerID=40&md5=daddc9e48f3fa1072f8b9bf8adfa52bc},
document_type={Article},
source={Scopus},
}

@ARTICLE{vanderLee2002599,
author={van der Lee, J. and De Windt, L. and Lagneau, V. and Goblet, P.},
title={Presentation and application of the reactive transport code HYTEC},
journal={Developments in Water Science},
year={2002},
volume={47},
number={C},
pages={599-606},
doi={10.1016/S0167-5648(02)80114-9},
note={cited By 17},
url={https://www.scopus.com/inward/record.uri?eid=2-s2.0-33645103030&doi=10.1016%2fS0167-5648%2802%2980114-9&partnerID=40&md5=75ea35f27a2291be2fecc1490d1aa83c},
document_type={Article},
source={Scopus},
}

@ARTICLE{Vargas20011052,
author={Vargas, W.L. and McCarthy, J.J.},
title={Heat conduction in granular materials},
journal={AIChE Journal},
year={2001},
volume={47},
number={5},
pages={1052-1059},
doi={10.1002/aic.690470511},
note={cited By 154},
url={https://www.scopus.com/inward/record.uri?eid=2-s2.0-0001105848&doi=10.1002%2faic.690470511&partnerID=40&md5=a5a7a89aba3b389ea561185f2bda5d2b},
document_type={Article},
source={Scopus},
}

@ARTICLE{Vargas20023119,
author={Vargas, W.L. and McCarthy, J.J.},
title={Stress effects on the conductivity of particulate beds},
journal={Chemical Engineering Science},
year={2002},
volume={57},
number={15},
pages={3119-3131},
doi={10.1016/S0009-2509(02)00176-8},
note={cited By 61},
url={https://www.scopus.com/inward/record.uri?eid=2-s2.0-0036694561&doi=10.1016%2fS0009-2509%2802%2900176-8&partnerID=40&md5=ac228fdfd71549c297f1e922069f742b},
document_type={Article},
source={Scopus},
}

@ARTICLE{Vargas2007,
author={Vargas, W.L. and McCarthy, J.J.},
title={Thermal expansion effects and heat conduction in granular materials},
journal={Physical Review E - Statistical, Nonlinear, and Soft Matter Physics},
year={2007},
volume={76},
number={4},
doi={10.1103/PhysRevE.76.041301},
art_number={041301},
note={cited By 43},
url={https://www.scopus.com/inward/record.uri?eid=2-s2.0-35348825612&doi=10.1103%2fPhysRevE.76.041301&partnerID=40&md5=31d533af2648fcc443aacfac47070c5a},
document_type={Article},
source={Scopus},
}

@ARTICLE{Wang20152269,
author={Wang, W. and Fischer, T. and Zehner, B. and Böttcher, N. and Görke, U.-J. and Kolditz, O.},
title={A parallel finite element method for two-phase flow processes in porous media: OpenGeoSys with PETSc},
journal={Environmental Earth Sciences},
year={2015},
volume={73},
number={5},
pages={2269-2285},
doi={10.1007/s12665-014-3576-z},
note={cited By 12},
url={https://www.scopus.com/inward/record.uri?eid=2-s2.0-85027951649&doi=10.1007%2fs12665-014-3576-z&partnerID=40&md5=e8b565265f39e95c541cd4cbdd6b8d9e},
document_type={Article},
source={Scopus},
}

@ARTICLE{Watanabe20121010,
author={Watanabe, N. and Wang, W. and Taron, J. and Görke, U.J. and Kolditz, O.},
title={Lower-dimensional interface elements with local enrichment: Application to coupled hydro-mechanical problems in discretely fractured porous media},
journal={International Journal for Numerical Methods in Engineering},
year={2012},
volume={90},
number={8},
pages={1010-1034},
doi={10.1002/nme.3353},
note={cited By 52},
url={https://www.scopus.com/inward/record.uri?eid=2-s2.0-84860249652&doi=10.1002%2fnme.3353&partnerID=40&md5=733bdc8f4ccbeee05952e7e6748cc20e},
document_type={Article},
source={Scopus},
}

@ARTICLE{Widenfeld200315,
author={Widenfeld, G. and Weiss, Y. and Kalman, H.},
title={The effect of compression and preconsolidation on the effective thermal conductivity of particulate beds},
journal={Powder Technology},
year={2003},
volume={133},
number={1-3},
pages={15-22},
doi={10.1016/S0032-5910(03)00040-8},
note={cited By 19},
url={https://www.scopus.com/inward/record.uri?eid=2-s2.0-0043126918&doi=10.1016%2fS0032-5910%2803%2900040-8&partnerID=40&md5=a71c1f1a187bdfc90006df974b9dca1f},
document_type={Article},
source={Scopus},
}

@ARTICLE{Weinberger1999379,
author={Weinberger, R.},
title={Initiation and growth of cracks during desiccation of stratified muddy sediments},
journal={Journal of Structural Geology},
year={1999},
volume={21},
number={4},
pages={379-386},
doi={10.1016/S0191-8141(99)00029-2},
note={cited By 76},
url={https://www.scopus.com/inward/record.uri?eid=2-s2.0-0032996380&doi=10.1016%2fS0191-8141%2899%2900029-2&partnerID=40&md5=8920c2fa6186dacd1ec1fffb0db1e378},
document_type={Article},
source={Scopus},
}

@ARTICLE{Wuttke201785,
author={Wuttke, F. and Sattari, A.S. and Rizvi, Z.H. and Motra, H.B.},
title={Advanced meso-scale modelling to study the effective thermo-mechanical parameter in solid geomaterial},
journal={Springer Series in Geomechanics and Geoengineering},
year={2017},
pages={85-95},
doi={10.1007/978-3-319-52773-4_9},
note={cited By 10},
url={https://www.scopus.com/inward/record.uri?eid=2-s2.0-85011394773&doi=10.1007%2f978-3-319-52773-4_9&partnerID=40&md5=c4c18895a0f9dca1cf03e34cc42ad848},
document_type={Conference Paper},
source={Scopus},
}

@ARTICLE{Wong2015417,
author={Wong, J.K.-W. and Soga, K. and Xu, X. and Delenne, J.-Y.},
title={Modelling fracturing process of geomaterial using Lattice Element Method},
journal={Geomechanics from Micro to Macro - Proceedings of the TC105 ISSMGE International Symposium on Geomechanics from Micro to Macro, IS-Cambridge 2014},
year={2015},
volume={1},
pages={417-422},
note={cited By 2},
url={https://www.scopus.com/inward/record.uri?eid=2-s2.0-84907305936&partnerID=40&md5=03e02f4836f7ac72320d655bd9cbf422},
document_type={Conference Paper},
source={Scopus},
}

@ARTICLE{Woodside19611688,
author={Woodside, W. and Messmer, J.H.},
title={Thermal conductivity of porous media. I. Unconsolidated sands},
journal={Journal of Applied Physics},
year={1961},
volume={32},
number={9},
pages={1688-1699},
doi={10.1063/1.1728419},
note={cited By 543},
url={https://www.scopus.com/inward/record.uri?eid=2-s2.0-36849117545&doi=10.1063%2f1.1728419&partnerID=40&md5=de98f26f5cae1b1772b777e51c7823fd},
document_type={Article},
source={Scopus},
}

@ARTICLE{Wu2002243,
author={Wu, Y.-S. and Zhang, K. and Ding, C. and Pruess, K. and Elmroth, E. and Bodvarsson, G.S.},
title={An efficient parallel-computing method for modeling nonisothermal multiphase flow and multicomponent transport in porous and fractured media},
journal={Advances in Water Resources},
year={2002},
volume={25},
number={3},
pages={243-261},
doi={10.1016/S0309-1708(02)00006-4},
note={cited By 51},
url={https://www.scopus.com/inward/record.uri?eid=2-s2.0-0036503511&doi=10.1016%2fS0309-1708%2802%2900006-4&partnerID=40&md5=c0d81c9f7633779905535ad7399d1ed8},
document_type={Article},
source={Scopus},
}

@ARTICLE{Yazid20094269,
author={Yazid, A. and Abdelkader, N. and Abdelmadjid, H.},
title={A state-of-the-art review of the X-FEM for computational fracture mechanics},
journal={Applied Mathematical Modelling},
year={2009},
volume={33},
number={12},
pages={4269-4282},
doi={10.1016/j.apm.2009.02.010},
note={cited By 83},
url={https://www.scopus.com/inward/record.uri?eid=2-s2.0-68249091071&doi=10.1016%2fj.apm.2009.02.010&partnerID=40&md5=fb83de45967c27bfefdd2c1df2558bb1},
document_type={Review},
source={Scopus},
}

@ARTICLE{Zeeb2015264,
author={Zeeb, C. and Konietzky, H.},
title={Simulating the Hydraulic Stimulation of Multiple Fractures in an Anisotropic Stress Field Applying the Discrete Element Method},
journal={Energy Procedia},
year={2015},
volume={76},
pages={264-272},
doi={10.1016/j.egypro.2015.07.859},
note={cited By 10},
url={https://www.scopus.com/inward/record.uri?eid=2-s2.0-84947293940&doi=10.1016%2fj.egypro.2015.07.859&partnerID=40&md5=d0e8c3890aee28d889d245cc671821cf},
document_type={Conference Paper},
source={Scopus},
}

@ARTICLE{Zhang2013214,
author={Zhang, C.-L.},
title={Sealing of fractures in claystone},
journal={Journal of Rock Mechanics and Geotechnical Engineering},
year={2013},
volume={5},
number={3},
pages={214-220},
doi={10.1016/j.jrmge.2013.04.001},
note={cited By 25},
url={https://www.scopus.com/inward/record.uri?eid=2-s2.0-84901591522&doi=10.1016%2fj.jrmge.2013.04.001&partnerID=40&md5=3c26420e6a1aeff06ce4f0b2737d132f},
document_type={Article},
source={Scopus},
}

@ARTICLE{Zhang2011172,
author={Zhang, H.W. and Zhou, Q. and Xing, H.L. and Muhlhaus, H.},
title={A DEM study on the effective thermal conductivity of granular assemblies},
journal={Powder Technology},
year={2011},
volume={205},
number={1-3},
pages={172-183},
doi={10.1016/j.powtec.2010.09.008},
note={cited By 55},
url={https://www.scopus.com/inward/record.uri?eid=2-s2.0-78049270853&doi=10.1016%2fj.powtec.2010.09.008&partnerID=40&md5=d919a01b70081093f7e8f57dcd1ba857},
document_type={Article},
source={Scopus},
}

@ARTICLE{Ehlers2017348,
author={Ehlers, W. and Luo, C.},
title={A phase-field approach embedded in the Theory of Porous Media for the description of dynamic hydraulic fracturing},
journal={Computer Methods in Applied Mechanics and Engineering},
year={2017},
volume={315},
pages={348-368},
doi={10.1016/j.cma.2016.10.045},
note={cited By 24},
url={https://www.scopus.com/inward/record.uri?eid=2-s2.0-84998953980&doi=10.1016%2fj.cma.2016.10.045&partnerID=40&md5=7fc60b9fb1cf6aa630146e31316a5f15},
document_type={Article},
source={Scopus},
}





%% Hybrid-Dimensional Bibliography

@article{vinci2014,
  title={A hybrid-dimensional approach for an efficient numerical modeling of the hydro-mechanics of fractures},
  author={Vinci, C and Renner, J and Steeb, H},
  journal={Water Resources Research},
  volume={50},
  number={2},
  pages={1616--1635},
  year={2014}
}

@article{vinci2015,
author = {Vinci, C. and Steeb, H. and Renner, J.},
title = {The imprint of hydro-mechanics of fractures in periodic pumping tests},
journal = {Geophysical Journal International},
volume = {202},
number = {3},
pages = {1613-1626},
year = {2015}
}

@article{KIM20112094,
title = {Stability and convergence of sequential methods for coupled flow and geomechanics: Drained and undrained splits},
journal = {Computer Methods in Applied Mechanics and Engineering},
volume = {200},
number = {23},
pages = {2094 - 2116},
year = {2011},
issn = {0045-7825},
doi = {https://doi.org/10.1016/j.cma.2011.02.011},
author = {J. Kim and H.A. Tchelepi and R. Juanes},
keywords = {Geomechanics, Poromechanics, Stability analysis, Convergence analysis, Drained split, Undrained split},
}

@article{KIM20111591,
title = {Stability and convergence of sequential methods for coupled flow and geomechanics: Fixed-stress and fixed-strain splits},
journal = {Computer Methods in Applied Mechanics and Engineering},
volume = {200},
number = {13},
pages = {1591 - 1606},
year = {2011},
issn = {0045-7825},
doi = {https://doi.org/10.1016/j.cma.2010.12.022},
author = {J. Kim and H.A. Tchelepi and R. Juanes},
keywords = {Poromechanics, Geomechanics, Operator splitting, Von Neumann method, B-stability, Convergence},
}

@article{Girault2015,
author = {Girault, V. and Wheeler, M. F. and Ganis, B. and Mear, M. E.},
title = {A lubrication fracture model in a poro-elastic medium},
journal = {Mathematical Models and Methods in Applied Sciences},
volume = {25},
number = {04},
pages = {587-645},
year = {2015},
doi = {10.1142/S0218202515500141}
}

@Article{Girault2016,
author={Girault, Vivette
and Kumar, Kundan
and Wheeler, Mary F.},
title={Convergence of iterative coupling of geomechanics with flow in a fractured poroelastic medium},
journal={Computational Geosciences},
year={2016},
month={Oct},
day={01},
volume={20},
number={5},
pages={997--1011},
issn={1573-1499},
doi={10.1007/s10596-016-9573-4},
}

@article{Castelletto2015,
author = {Castelletto, N. and White, J. A. and Tchelepi, H. A.},
title = {Accuracy and convergence properties of the fixed-stress iterative solution of two-way coupled poromechanics},
journal = {International Journal for Numerical and Analytical Methods in Geomechanics},
volume = {39},
number = {14},
year = {2015},
pages = {1593-1618},
doi = {10.1002/nag.2400},
}

@article{segura2004,
author = {Segura, J. M. and Carol, I.},
title = {On zero-thickness interface elements for diffusion problems},
journal = {International Journal for Numerical and Analytical Methods in Geomechanics},
volume = {28},
number = {9},
year={2004},
pages = {947-962},
doi = {10.1002/nag.358}
}


@article{segura2008coupledI,
  title={Coupled HM analysis using zero-thickness interface elements with double nodes. {Part I: Theoretical model}},
  author={Segura, J Ma and Carol, I},
  journal={International journal for numerical and analytical methods in geomechanics},
  volume={32},
  number={18},
  pages={2083--2101},
  year={2008}
}

@article{segura2008coupledII,
  title={Coupled HM analysis using zero-thickness interface elements with double nodes. {Part II: Verification and application}},
  author={Segura, JM and Carol, I},
  journal={International Journal for Numerical and Analytical Methods in Geomechanics},
  volume={32},
  number={18},
  pages={2103--2123},
  year={2008}
}

@phdthesis{vinci2014hydro, 
  title={Hydro-mechanical coupling in fractured rocks: modeling and numerical simulations},
  author={Vinci, Carlo},
  school = {Ruhr-University Bochum},
  year={2014}
}

@article{settgast2017fully,
  title={A fully coupled method for massively parallel simulation of hydraulically driven fractures in 3-dimensions},
  author={Settgast, Randolph R and Fu, Pengcheng and Walsh, Stuart DC and White, Joshua A and Annavarapu, Chandrasekhar and Ryerson, Frederick J},
  journal={International Journal for Numerical and Analytical Methods in Geomechanics},
  volume={41},
  number={5},
  pages={627--653},
  year={2017}
}

@article{schmidt2019,
  title={Numerical aspects of hydro-mechanical coupling of fluid-filled fractures using hybrid-dimensional element formulations and non-conformal meshes},
  author={Schmidt, P. and Steeb, H.},
  journal={Int J Geomath},
  volume={10},
  number={14},
  year={2019},
  doi={10.1007/s13137-019-0127-5}
}

@article{witherspoon1979,
author = {Witherspoon, P. A. and Amick, C. H. and Gale, J. E. and Iwai, K.},
title = {Observations of a potential size effect in experimental determination of the hydraulic properties of fractures},
journal = {Water Resources Research},
volume = {15},
number = {5},
pages = {1142-1146},
year = 1979,
doi = {10.1029/WR015i005p01142}
}

@article{Martin2005,
author = {Martin, V. and Jaffré, J. and Roberts, J.},
title = {Modeling Fractures and Barriers as Interfaces for Flow in Porous Media},
journal = {SIAM Journal on Scientific Computing},
volume = {26},
number = {5},
pages = {1667-1691},
year = {2005},
doi = {10.1137/S1064827503429363}
}
%% Numerical Framework - Hybrid Dimensional Approach

@article{dune24:16,
  author = {M. Blatt and A. Burchardt and A. Dedner and Ch. Engwer
    and J. Fahlke and B. Flemisch and Ch. Gersbacher and C. Gr\"aser
    and F. Gruber and Ch. Gr\"uninger and D. Kempf and R. Kl{\"o}fkorn
    and T. Malkmus and S. Müthing and M. Nolte and M. Piatkowski and O. Sander},
  title = {{The Distributed and Unified Numerics Environment, Version 2.4}},
  journal = {Archive of Numerical Software},
  volume = {4},
  number = {100},
  year = {2016},
  keywords = {DUNE, Numerical Software},
  issn = {2197-8263},
  pages = {13--29},
  doi = {10.11588/ans.2016.100.26526},
  url = {http://dx.doi.org/10.11588/ans.2016.100.26526}
}

@article{dune:pdelab,
  title={{Generic implementation of finite element methods in the Distributed and Unified Numerics Environment (DUNE)}},
  author={Bastian, P. and Heimann, F. and Marnach, S.},
  journal={Kybernetika},
  year={2010},
  volume={46},
  pages={294-315}
}

@article{doi:10.1002/nme.2579,
author = {Geuzaine, Christophe and Remacle, Jean-François},
title = {Gmsh: A 3-D finite element mesh generator with built-in pre- and post-processing facilities},
journal = {International Journal for Numerical Methods in Engineering},
volume = {79},
number = {11},
pages = {1309-1331},
keywords = {computer-aided design, mesh generation, post-processing, finite element method, open-source software},
doi = {10.1002/nme.2579},
url = {https://onlinelibrary.wiley.com/doi/abs/10.1002/nme.2579},
year = {2009}
}

@article{AlnaesBlechta2015a,
  title = {The FEniCS Project Version 1.5},
  author = {Martin S. Aln{\ae}s and Jan Blechta and Johan Hake and August Johansson and Benjamin Kehlet and Anders Logg and Chris Richardson and Johannes Ring and Marie E. Rognes and Garth N. Wells},
  year = {2015},
  journal = {Archive of Numerical Software},
  volume = {3},
  number = {100},
  doi = {10.11588/ans.2015.100.20553},
  page = {9-23},
}

@article{preCICE,
    title = {{preCICE} -- A fully parallel library for multi-physics surface coupling},
    journal = {Computers and Fluids},
    publisher = {Elsevier},
    volume = {141},
    pages = {250--258},
    year = {2016},
    note = {Advances in Fluid-Structure Interaction},
    issn = {0045-7930},
    doi = {https://doi.org/10.1016/j.compfluid.2016.04.003},
    author = {Bungartz, Hans-Joachim and Lindner, Florian and Gatzhammer, Bernhard and Mehl, Miriam and Scheufele, Klaudius and Shukaev, Alexander and Uekermann, Benjamin},
    keywords = {Partitioned multi-physics, Strong coupling, Non-matching grids, Inter-code communication, Quasi-Newton, Radial basis functions, High performance computing}
}


%% Numerical Lattice Element Bibliography (Amir CAU)

@article{Motraetal2018,
  title={Influence of loading and heating processes on elastic and geomechanical properties of eclogites and granulites},
  author={Motra, H.B. and Zertani, S.},
  journal={Journal of Rock Mechanics and Geotechnical Engineering},
  volume={10},
  pages={127-137},
  year={2018},
}

@article{Liuetal2007,
  title={Lattice type of fracture model for concrete},
  author={Liu, J.X. and Deng, S.C. and Zhang, J. and Liang, N.G},
  journal={Theoretical and Applied Fracture Mechanics},
  volume={48},
  pages={269–284},
  year={2007},
}
@article{Pradoetal2003,
  title={Effect of particle structure on mode I fracture process in concrete},
  author={Prado, E.P. and van Mier, J.G.M. },
  journal={Engineering Fracture Mechanics},
  volume={70},
  pages={1793–1807},
  year={2003},
}

@article{vanMieretal2002,
  title={Fracture mechanisms in particle composites: statistical aspects in lattice type analysis},
  author={van Mier, J.G.M. and van Vliet, M.R.A. and Wang Tai, K.},
  journal={Mechanics of Materials},
  volume={34},
  year={2002},
}

@article{Sattarietal2017,
  title={Meso-scale modeling of heat transport in a heterogeneous cemented geomaterial by lattice element method},
  author={Sattari, A.S. and Rizvi, Z.H. and Motra, H.B. and Wuttke, F. },
  journal={Granular Matter},
  volume={19},
  number={66},
  year={2017},
}

@article{Sattarietal2019a,
  title={The reinforcement of masonry walls in a mortar-brick interface: The experimental and numerical approach using the Lattice Element Method (LEM)},
  author={Sattari, A. S.  and Rizvi, Z. H. and Wuttke, F.},
  journal={12th international congress on mechanics (12HSTAM), Thessaloniki, Greece},
  year={2019},
}

@article{Sattarietal2019b,
  title={A new lattice element method (LEM) with integrated interface elements for determining the effective thermal conductivity of rock solids under thermo-mechanical processes},
  author={Sattari, A. S. and Motra, H. B. and Rizvi, Z. H. and Wuttke, F.},
  journal={International Symposium on Energy Geotechnics (SEG), Energy Geotechnics},
  pages={266-275},
  year={2019},
}

@article{Rizvietal2016,
  title={Numerical analysis of heat conduction in granular geo-material using lattice element method},
  author={Rizvi, Z. H.  and Sattari, A. S. and Wuttke, F.},
  journal={Energy Geotechnics - Proceedings of the 1st International Conference on Energy Geotechnics, ICEGT},
  pages={367-372},
  year={2016},
}

@article{Rizvietal2018b,
  title={Numerical modelling of effective thermal conductivity for modified geomaterial using Lattice Element Method},
  author={Rizvi, Z.H. and Shrestha, D. and Sattari, A.S. and Wuttke, F.},
  journal={Heat Mass Transf},
  volume={54},
  number={2},
  pages={483–499},
  year={2018},
}

@article{Rizvietal2018c,
author={Rizvi, Z.H. and Wuttke, F. and Sattari, A.S.},
title={Dynamic analysis by lattice element method simulation},
journal={Springer Series in Geomechanics and Geoengineering},
year={2018},
number={216849},
pages={405-409},
doi={10.1007/978-3-319-97112-4_91},
note={cited By 2},
url={https://www.scopus.com/inward/record.uri?eid=2-s2.0-85060447943&doi=10.1007%2f978-3-319-97112-4_91&partnerID=40&md5=7cdd449b3425e73e09d7b45d0f67f936},
document_type={Conference Paper},
source={Scopus},
}

@article{Rizvietal2019a,
  title={Lattice element method for simulations of failure in bio-cemented sands},
  author={Rizvi, Z. H. and Nikolic, M. and Wuttke, F.},
  journal={Granular Matter},
  volume={21},
  number={18},
  year={2019},
}


@article{Rizvietal2019c,
  title={Effective Physical Parameter Evaluation of Shallow Crustal Rocks by Lattice Element Method},
  author={Rizvi, Z.H. and Khan, M.A. and Motra, H.B. and Wuttke, F. and Ahmad, J.},
  journal={Materials Today: Proceedings},
  year={2019},
}

@article{Rizvietal2019d,
author={Rizvi, Z.H. and Sembdner, K. and Suman, A. and Giri Prasad, M.J. and Wuttke, F.},
title={Experimental and Numerical Investigation of Thermo-Mechanical Properties for Nano-Geocomposite},
journal={International Journal of Thermophysics},
year={2019},
volume={40},
number={5},
doi={10.1007/s10765-019-2518-0},
art_number={54},
note={cited By 1},
url={https://www.scopus.com/inward/record.uri?eid=2-s2.0-85065479241&doi=10.1007%2fs10765-019-2518-0&partnerID=40&md5=9db263de176bad7bfff90f754a345495},
document_type={Article},
source={Scopus},
}

@InProceedings{Rizvietal2020a,
author="Rizvi, Z.H. and Mustafa, S.H. and Sattari, A.S. and Ahmad, S. and Furtner, P. and Wuttke, F.",
editor="Prashant, Amit and Sachan, Ajanta and Desai, Chandrakant S.",
title="Dynamic Lattice Element Modelling of Cemented Geomaterials",
booktitle="Advances in Computer Methods and Geomechanics ",
year="2020",
publisher="Springer Singapore",
address="Singapore",
pages="655-665",
}

@Article{Rizvietal2020b,
author="Rizvi, Z.H. and Zaidi, H.H. and Akhtar, S.J and Sattari, A.S. and Wuttke, F.",
title="Soft and hard computation methods for estimation of the effective thermal conductivity of sands",
journal="Heat and Mass Transfer",
year="2020",
month="Feb",
day="08",
issn="1432-1181",
doi="10.1007/s00231-020-02833-w",
url="https://doi.org/10.1007/s00231-020-02833-w"
}

@article{Shresthaetal2019,
  title={Effective thermal conductivity of unsaturated granular geocomposite using Lattice Element Method},
  author={Shrestha, D. and Rizvi, Z.H. and Wuttke, F.},
  journal={Heat and Mass Transfer },
  volume={55},
  number={6},
  pages={1671-1683}, 
  year={2019},
}

@article{Grassl2009,
  title={A lattice approach to model flow in cracked concrete},
  author={Grassl, P.},
  journal={Cement \& Concrete Composites},
  volume={31},
  pages={454–460},
  year={2009},
}

@article{Moukarzeletal1992,
  title={A vectorizable random lattice},
  author={Moukarzel, C. and Herrmann, H. J.},
  journal={J. Stat. Phys.},
  volume={68},
  pages={911–923},
  year={1992},
}

@article{Bolanderetal1998,
  title={Fracture analyses using spring networks with random geometry},
  author={Bolander, J.E. and Saito, S.},
  journal={Engineering Fracture Mechanics},
  volume={6},
  pages={1569-1591},
  year={1998},
}

@article{Ostojastarzewski2002,
  title={Lattice Models in Micromechanics},
  author={Ostoja-Starzewski, M.},
  journal={Applied mechanics},
  volume={55},
  number={1},
  pages={35-60},
  year={2002},
}

@article{Karihalooetal2003,
  title={Lattice modelling of the failure of particle composites},
  author={Karihaloo, B.L. and Shao, P.F. and Xiao, Q.Z.},
  journal={Engineering Fracture Mechanics},
  volume={70},
  pages={2385–2406},
  year={2003},
}

@article{Inceetal2003,
  title={Lattice modelling of size effect in concrete strength},
  author={Ince, R. and  Arslan, A. and Karihaloo, B.L.},
  journal={Engineering Fracture Mechanics},
  volume={70},
  pages={2307–2320},
  year={2003},
}

@article{Zhangetal2011,
  title={A DEM study on the effective thermal conductivity of granular assemblies},
  author={Zhang, H.W. and Zhou, Q. and Xing, H.L. and Muhlhaus, H.},
  journal={Powder Technology},
  volume={205},
  pages={172–183},
  year={2011},
}

@article{Fengetal2008,
  title={Discrete thermal element modeling of heat conduction in particle systems: Basic formulations},
  author={Feng, Y.T. and Han, K. and Li, C.F. and Owen, D.R.J.},
  journal={Journal of Computational Physics},
  volume={227},
  pages={5072–5089},
  year={2008},
}

@article{Grassletal2013,
  title={A lattice model for liquid transport in cracked unsaturated heterogeneous porous materials},
  author={Grassl, P. and Fahy, C. and Gallipoli, D. and Bolander, J.},
  journal={VIII International Conference on Fracture Mechanics of Concrete and Concrete Structures},
  year={2013},
}

@article{Lisjaketal2017,
  title={A 2D, fully-coupled, hydro-mechanical, FDEM formulation for modelling fracturing processes in discontinuous, porous rock masses},
  author={Lisjak, A. and Kaifosh, P. and Hea, L. and Tatone, B.S.A. and Mahabadi, O.K. and Grasselli, G.},
  journal={Computers and Geotechnics},
  volume={81},
  pages={1–18},
  year={2017},
}

@article{Simaetal2013,
  title={Modelling Desiccation Cracking in Thin Clay Layer Using Three-dimensional Discrete Element Method},
  author={Sima, J. and Jiang, M. and Zhou, C.},
  journal={AIP Conference Proceedings},
  volume={1542},
  number={1},
  year={2013},
}

@article{Voetal2017,
  title={Numerical modelling of desiccation cracking of clayey soil using a cohesive fracture method},
  author={Vo, T.D. and Pouya, A. and Hemmati, S. and Tang, A.M.},
  journal={Computers and Geotechnics},
  volume={85},
  pages={15–27},
  year={2017},
}

@book{Kamlot2009,
  author = {Kamlot, W.P.},
  title = {Habilitationsschrift: Gebirgsmechanische Bewertung der geologischen Barrierefunktion des Hauptanhydrits in einem Salzbergwerk},
  publisher = {des Instituts für Geotechnik der Technischen Universität Bergakademie Freiberg},
  year = 2009,
}

@article{Peronetal2009,
  title={Analysis of the Swelling Pressure Development in Opalinus Clay - Experimental and Modelling Aspects},
  author={Peron, H. and Salager, S. and Nuth, M. and Marschall, P. and Laloui, L.},
  journal={2nd International Conference on Fault and Top Seals},
  year={2009},
}

@article{Minardietal2016,
  title={Anisotropic volumetric behaviour of Opalinus clay shale upon suction variation},
  author={Minardi, A. and Crisci, E. and Ferrari, A. and Laloui, L.},
  journal={Géotechnique Letters 6, 1–5},
  year={2016},
}


@article{Grasselli2002,
title = "Quantitative three-dimensional description of a rough surface and parameter evolution with shearing",
journal = "International Journal of Rock Mechanics and Mining Sciences",
volume = "39",
number = "6",
pages = "789 - 800",
year = "2002",
issn = "1365-1609",
doi = "https://doi.org/10.1016/S1365-1609(02)00070-9",
url = "http://www.sciencedirect.com/science/article/pii/S1365160902000709",
author = "G. Grasselli and J. Wirth and P. Egger"
}

@Article{Fathi2016,
author="Fathi, Ali
and Moradian, Zabihallah
and Rivard, Patrice
and Ballivy, G{\'e}rard
and Boyd, Andrew J.",
title="Geometric Effect of Asperities on Shear Mechanism of Rock Joints",
journal="Rock Mechanics and Rock Engineering",
year="2016",
month="Mar",
day="01",
volume="49",
number="3",
pages="801--820",
issn="1434-453X",
doi="10.1007/s00603-015-0799-6",
url="https://doi.org/10.1007/s00603-015-0799-6"
}

@book{Bower2009,
  author = {Bower, A.F.},
  title = {Applied mechanics of solids},
  publisher = {CRC Press},
  year = 2009,
}

@article{Perras2014,
  title={A review of the tensile strength of rock: Concepts and testing},
  author={Perras, M.A. and Diederichs M.S.},
  journal={Geotech Geol Eng},
  volume={32},
  pages={525-546},
  year={2014},
}

@article{Li2013,
  title={The Brazilian disc test for rock mechanics applications: Review and new insights},
  author={Li, D. and Wong, L.N.Y},
  journal={Rock mech rock eng},
  volume={46},
  pages={269–287},
  year={2013},
}

@Article{Konietzky2012,
author="Konietzky, Heinz
and Fr{\"u}hwirt, Thomas
and Luge, Hartmut",
title="A New Large Dynamic Rockmechanical Direct Shear Box Device",
journal="Rock Mechanics and Rock Engineering",
year="2012",
month="May",
day="01",
volume="45",
number="3",
pages="427--432",
issn="1434-453X",
doi="10.1007/s00603-011-0214-x",
url="https://doi.org/10.1007/s00603-011-0214-x"
}

@book{ferziger2012,
  title={Computational methods for fluid dynamics},
  author={Ferziger, Joel H and Peric, Milovan},
  year={2012},
  publisher={Springer Science \& Business Media}
}


@book{lewis1998,
  title={The finite element method in the static and dynamic deformation and consolidation of porous media},
  author={Lewis, Roland Wynne and Schrefler, Bernard A},
  year={1998},
  publisher={John Wiley}
}

@book{hubner2003,
  title={Simultane {A}nalyse von {B}auwerk-{W}ind-{W}echselwirkungen},
  author={H{\"u}bner, Bj{\"o}rn Christoph},
  year={2003},
  publisher={Inst. f{\"u}r Statik, TU Braunschweig, Germany}
}
@article{farhat2000,
  title={Two efficient staggered algorithms for the serial and parallel solution of three-dimensional nonlinear transient aeroelastic problems},
  author={Farhat, Charbel and Lesoinne, Michael},
  journal={Computer methods in applied mechanics and engineering},
  volume={182},
  number={3-4},
  pages={499--515},
  year={2000},
  publisher={Elsevier}
}

@article{kolditz2012,
  title={OpenGeoSys: an open-source initiative for numerical simulation of thermo-hydro-mechanical/chemical (THM/C) processes in porous media},
  author={Kolditz, Olaf and Bauer, Sebastian and Bilke, Lars and B{\"o}ttcher, Norbert and Delfs, Jens-Olaf and Fischer, Thomas and G{\"o}rke, Uwe J and Kalbacher, Thomas and Kosakowski, Georg and McDermott, CI and others},
  journal={Environmental Earth Sciences},
  volume={67},
  number={2},
  pages={589--599},
  year={2012},
  publisher={Springer}
}
@article{wild2017,
  title={The response of Opalinus Clay when exposed to cyclic relative humidity variations},
  author={Wild, Katrin M and Walter, Patric and Amann, Florian},
  journal={Solid Earth},
  volume={8},
  number={2},
  pages={351--360},
  year={2017},
  publisher={Copernicus GmbH}
}
@article{biot1941,
  title={General theory of three-dimensional consolidation},
  author={Biot, Maurice A},
  journal={Journal of applied physics},
  volume={12},
  number={2},
  pages={155--164},
  year={1941},
  publisher={AIP}
}

@article{bond2013,
  title={Approaches for representing hydro-mechanical coupling between sub-surface excavations and argillaceous porous media at the ventilation experiment, Mont Terri},
  author={Bond, Alexander and Millard, Alain and Nakama, Shigeo and Zhang, Chengyuan and Garritte, Benoit},
  journal={Journal of Rock Mechanics and Geotechnical Engineering},
  volume={5},
  number={2},
  pages={85--96},
  year={2013},
  publisher={Elsevier}
}

@article{geuzaine2009,
  title={Gmsh: A 3-D finite element mesh generator with built-in pre-and post-processing facilities},
  author={Geuzaine, Christophe and Remacle, Jean-Fran{\c{c}}ois},
  journal={International journal for numerical methods in engineering},
  volume={79},
  number={11},
  pages={1309--1331},
  year={2009},
  publisher={Wiley Online Library}
}

@online{tecplot2019,
  author = {Tecplot},
  title = {Tecplot: Data Visualization and {CFD} post-processing software (https://www.tecplot.com/)},
  year = 2019,
  url = {https://www.tecplot.com/},
  urldate = {2010-10-25}
}

@article{terzaghi1943,
  title={Theoretical Soil Mechanics. JohnWiley \& Sons},
  author={Terzaghi, Karl},
  journal={New York},
  pages={11--15},
  year={1943}
}

@article{bishop1963,
  title={Some aspects of effective stress in saturated and partly saturated soils},
  author={Bishop, Alan W and Blight, GE},
  journal={Geotechnique},
  volume={13},
  number={3},
  pages={177--197},
  year={1963},
  publisher={Thomas Telford Ltd}
}

@Article{Cnudde2013,
  author    = {V. Cnudde and M.N. Boone},
  title     = {High-resolution {X}-ray computed tomography in geosciences: A review of the current technology and applications},
  journal   = {Earth-Science Reviews},
  year      = {2013},
  volume    = {123},
  pages     = {1--17},
  month     = {aug},
  doi       = {10.1016/j.earscirev.2013.04.003},
  publisher = {Elsevier {BV}},
}

@Book{Carmignato2018,
  title     = {Industrial X-Ray Computed Tomography},
  publisher = {Springer International Publishing},
  year      = {2018},
  editor    = {Simone Carmignato and Wim Dewulf and Richard Leach},
  doi       = {10.1007/978-3-319-59573-3},
}

@Article{Ruf2020,
  author  = {Matthias Ruf and Holger Steeb},
  title   = {An open and flexible {{\textmu}XRCT} system for applications in research},
  journal = {Review of Scientific Instruments},
  year    = {2020},
  note    = {In process. Submission middle/end of February},
}
@article{becker2000,
  title={The {J}ura {M}ountains—an active foreland fold-and-thrust belt?},
  author={Becker, Arnfried},
  journal={Tectonophysics},
  volume={321},
  number={4},
  pages={381--406},
  year={2000},
  publisher={Elsevier}
}

@article{bolliger1993,
  title={Premi{\`e}re d{\'e}couverte de mammif{\`e}res plioc{\`e}nes dans le Jura neuch{\^a}telois},
  author={Bolliger, Thomas and Engesser, Burkart and Weidmann, Marc},
  journal={Eclogae Geol. Helv},
  volume={86},
  number={3},
  pages={1031--1068},
  year={1993}
}

@book{bossart2008,
  title={Mont Terri Rock Laboratory Project: Programme 1996 to 2007 and Results},
  author={Bossart, Paul J and Mont Terri Project and Suisse. Office f{\'e}d{\'e}ral de topographie},
  year={2008},
  publisher={Federal Office of Topography Swisstopo}
}

@article{einsele1983,
  title={Mechanismus und Tiefgang der Verwitterung bei mesozoischen Ton-und Mergelsteinen},
  author={Einsele, Gerhard},
  journal={Zeitschrift der Deutschen Geologischen Gesellschaft},
  pages={289--315},
  year={1983},
  publisher={Schweizerbart'sche Verlagsbuchhandlung}
}


@article{freivogel2003,
  title={Modellierung bilanzierter Profile im Gebiet Mont Terri--La Croix (Kanton Jura)},
  author={Freivogel, M and Huggenberger, P},
  journal={Mont Terri Project--Geology, paleohydrogeology and stress field of the Mont Terri region. Federal Office for Water and Geology Rep},
  volume={4},
  pages={7--44},
  year={2003}
}

@article{kaufhold2016,
  title={X-ray computed tomography investigation of structures in Opalinus Clay from large-scale to small-scale after mechanical testing},
  author={Kaufhold, Annette and Halisch, Matthias and Zacher, Gerhard and Kaufhold, Stephan},
  journal={Solid Earth},
  volume={7},
  number={4},
  pages={1171--1183},
  year={2016},
  publisher={Copernicus GmbH}
}

@article{heitzmann2001,
  title={Das Mont-Terri-Projekt Untersuchungen {\"u}ber den Opalinuston im internationalen Felslabor},
  author={Heitzmann, PETER and Bossart, PAUL},
  journal={Bulletin f{\"u}r angewandte Geologie},
  volume={6},
  pages={183--197},
  year={2001}
}

@article{menning2012,
  title={Erl{\"a}uterung zur Stratigraphischen Tabelle von Deutschland Kompakt 2012 [Explanatory notes to the Stratigraphic Table of Germany Compact 2012]},
  author={Menning, Manfred and others},
  journal={Zeitschrift der Deutschen Gesellschaft f{\"u}r Geowissenschaften},
  volume={163},
  number={4},
  pages={385--409},
  year={2012},
  publisher={E. Schweizerbart'sche Verlagsbuchhandlung}
}

@article{nussbaum2011,
  title={Analysis of tectonic structures and excavation induced fractures in the Opalinus Clay, Mont Terri underground rock laboratory (Switzerland)},
  author={Nussbaum, Christophe and Bossart, Paul and Amann, Florian and Aubourg, Charles},
  journal={Swiss Journal of Geosciences},
  volume={104},
  number={2},
  pages={187},
  year={2011},
  publisher={Springer}
}

@article{traber2013,
  title={Gesteinsparameter der Wirtgesteine Opalinuston,'Brauner Dogger', Effinger Schichten und Helvetische Mergel als Grundlage f{\"u}r die Sorptionsdatenbank},
  author={Traber, D and Blaser, P},
  journal={Nagra Working Report NAB},
  pages={12--39},
  year={2013}
}

@article{wetzel2003,
  title={Der Opalinuston in der {N}ordschweiz: {L}ithologie und {A}blagerungsgeschichte},
  author={Wetzel, Andreas and Allia, Vincenzo},
  journal={Eclogae Geologicae Helvetiae},
  volume={96},
  number={3},
  pages={451--469},
  year={2003}
}

@techreport{galletti2019,
  author       = {Galletti, M., and Jaeggi, D.}, 
  title        = {{AD} experiment: {D}rillcore documentation of boreholes {BAD}-1 and {BAD}-2.},
  institution  = {Federal Office of Topography (swisstopo)},
  year         = 2019,
  number       = {TN 2019-06},
  address      = {Wabern, Switzerland, www.mont-terri.ch}
}

@book{pearson2003,
  title={{M}ont {T}erri project: {G}eochemistry of water in the {O}palinus clay formation at the {M}ont {T}erri {R}ock {L}aboratory},
  author={Suisse. Office f{\'e}d{\'e}ral des eaux et de la g{\'e}ologie},
  volume={5},
  year={2003},
  publisher={Office f{\'e}d{\'e}ral des eaux et de la g{\'e}ologie OFEG}
}

@inproceedings{ziefle2019,
author = {Ziefle, G. and Bossart, P. and Costabel, S. and Czaikowski, O. and Furche, M. and Graupner B. and Hesser J. and Jaeggi, D. and Kolditz, O. and Königer, F. and Ma{\ss}mann, J. and Rink, K. and Schuhmann, R. and Schuster, K. and Vowinckel, B. and Wieczorek, K. },
booktitle = {Berichtsband zur 10. CMM Tagung, "Material – Prozesse – Systeme" in Karlsruhe, Germany},
title = {{Influence of Humidity on Cyclic and Longterm Deformations: CD-A Experiment, Mont Terri Rock Laboratory}},
year = {2019}
}

@techreport{jahn2016,
  author       = {Jahn, S. and Mrugalla, S. and Stark, L.}, 
  title        = {{Projekt AnSichT – Methodik und Anwendungsbezug eines Sicherheits- und Nachweiskonzeptes für ein HAW-Endlager im Tonstein. Endlagerstandortmodell SÜD – Teil II: Zusammenstellung von Ge-steinseigenschaften für den Langzeitsicherheitsnachweis.}},
  institution  = {Bundesanstalt für Geowissenschaften und Rohstoffe (BGR)},
  year         = 2016,
  number       = {Ergebnisbericht},
  address      = {Hannover, Germany}
}

@techreport{girardin2006,
  author       = {Girardin, C. and  Nussbaum, C.}, 
  title        = {{CD experiment (cyclic deformations): installation and procedures of measurement.}},
  institution  = {Federal Office of Topography (swisstopo)},
  year         = 2006,
  number       = {TN 2006-64},
  address      = {Wabern, Switzerland, www.mont-terri.ch}
}

@techreport{jaeggi2012,
  author       = {Girardin, C. and  Nussbaum, C.}, 
  title        = {{CD (cyclic deformation) experiment: Data report of Phase 17 (July 2011–June 2012)}},
  institution  = {Federal Office of Topography (swisstopo)},
  year         = 2012,
  number       = {TN 2012-68},
  address      = {Wabern, Switzerland, www.mont-terri.ch}
}

@techreport{matray2013,
  author       = {Matray, J.-M. and M{\"o}ri, A.}, 
  title        = {{CD (Cyclic deformation) experiment, petrophysical measurements on BCD-3 core samples from the Mont Terri rock laboratory}},
  institution  = {Federal Office of Topography (swisstopo)},
  year         = 2012,
  number       = {TN 2013-49},
  address      = {Wabern, Switzerland, www.mont-terri.ch}
}

%% --------------------------------------------


%% SPH - Literature

% Encoding: UTF-8
@book{cai2015gpu,
  title={GPU computing and applications},
  author={Cai, Yiyu and See, Simon},
  year={2015},
  publisher={Springer}
}

@book{erben2017einfuhrung,
  title={Einf{\"u}hrung in Unix/Linux f{\"u}r Naturwissenschaftler: Effizientes wissenschaftliches Arbeiten mit der Unix-Kommandozeile},
  author={Erben, Thomas},
  year={2017},
  publisher={Springer-Verlag}
}

@Article{anderson2008general,
  author    = {Anderson, Joshua A and Lorenz, Chris D and Travesset, Alex},
  title     = {General purpose molecular dynamics simulations fully implemented on graphics processing units},
  journal   = {Journal of Computational Physics},
  year      = {2008},
  volume    = {227},
  number    = {10},
  pages     = {5342--5359},
  groups    = {SPH},
  publisher = {Elsevier},
}

@Article{anderson2013development,
  author  = {Anderson, Joshua A and Glotzer, Sharon C},
  title   = {The development and expansion of HOOMD-blue through six years of GPU proliferation},
  journal = {arXiv preprint arXiv:1308.5587},
  year    = {2013},
  groups  = {SPH},
}

@Article{glaser2015strong,
  author    = {Glaser, Jens and Nguyen, Trung Dac and Anderson, Joshua A and Lui, Pak and Spiga, Filippo and Millan, Jaime A and Morse, David C and Glotzer, Sharon C},
  title     = {Strong scaling of general-purpose molecular dynamics simulations on {GPU}s},
  journal   = {Computer Physics Communications},
  year      = {2015},
  volume    = {192},
  pages     = {97--107},
  groups    = {SPH},
  publisher = {Elsevier},
}


@article{helmig2013model,
  title={Model coupling for multiphase flow in porous media},
  author={Helmig, Rainer and Flemisch, Bernd and Wolff, Markus and Ebigbo, Anozie and Class, Holger},
  journal={Advances in Water Resources},
  volume={51},
  pages={52--66},
  year={2013},
  publisher={Elsevier}
}


@article{markauskas2017comparative,
  title={Comparative study on mesh-based and mesh-less coupled CFD-DEM methods to model particle-laden flow},
  author={Markauskas, D and Kruggel-Emden, H and Sivanesapillai, R and Steeb, H},
  journal={Powder Technology},
  volume={305},
  pages={78--88},
  year={2017},
  publisher={Elsevier}
}


@article{sulem2006hydromechanical,
  title={Hydromechanical behaviour of Fontainebleau sandstone},
  author={Sulem, J and Ouffroukh, H},
  journal={Rock Mechanics and Rock Engineering},
  volume={39},
  number={3},
  pages={185},
  year={2006},
  publisher={Springer}
}


@article{cortes2019geometry,
  title={Geometry simplification of open-cell porous materials for elastic deformation FEA},
  author={Cort{\'e}s, Camilo and Osorno, Maria and Uribe, David and Steeb, Holger and Ruiz-Salguero, Oscar and Barandiar{\'a}n, I{\~n}igo and Fl{\'o}rez, Juli{\'a}n},
  journal={Engineering with Computers},
  volume={35},
  number={1},
  pages={257--276},
  year={2019},
  publisher={Springer}
}


@article{saenger2016analysis,
  title={Analysis of high-resolution X-ray computed tomography images of Bentheim sandstone under elevated confining pressures},
  author={Saenger, Erik H and Lebedev, Maxim and Uribe, David and Osorno, Maria and Vialle, Stephanie and Duda, Mandy and Iglauer, Stefan and Steeb, Holger},
  journal={Geophysical prospecting},
  volume={64},
  number={4},
  pages={848--859},
  year={2016},
  publisher={Wiley Online Library}
}


@article{zhang2019visualization,
  title={Visualization of Bubble Formation in Porous Media},
  author={Zhang, Hui and Frey, Steffen and Steeb, Holger and Uribe, David and Ertl, Thomas and Wang, Wenping},
  journal={IEEE transactions on visualization and computer graphics},
  volume={25},
  number={1},
  pages={1060--1069},
  year={2019},
  publisher={IEEE}
}

@Article{milosmaster,
  author = {Simeunovi\'{c}, Milo$\breve{\text{s}}$},
  title  = {Modeling and Validation of Multiphase Flow in Porous Media using Smoothed Particle Hydrodynamics},
  year   = {2017},
  groups = {SPH},
}


@article{dalcin2011parallel,
  title={Parallel distributed computing using Python},
  author={Dalcin, Lisandro D and Paz, Rodrigo R and Kler, Pablo A and Cosimo, Alejandro},
  journal={Advances in Water Resources},
  volume={34},
  number={9},
  pages={1124--1139},
  year={2011},
  publisher={Elsevier}
}

@article{mortensen2016high,
  title={High performance Python for direct numerical simulations of turbulent flows},
  author={Mortensen, Mikael and Langtangen, Hans Petter},
  journal={Computer Physics Communications},
  volume={203},
  pages={53--65},
  year={2016},
  publisher={Elsevier}
}

@Article{brinkman1949permeability,
  author    = {Brinkman, HC},
  title     = {On the permeability of media consisting of closely packed porous particles},
  journal   = {Flow, Turbulence and Combustion},
  year      = {1949},
  volume    = {1},
  number    = {1},
  pages     = {81},
  file      = {:Permeability/Brinkman - On the permeability of media consisting of closely packed porous particles.pdf:PDF},
  groups    = {permeability},
  publisher = {Springer},
}


@article{carman1997fluid,
  title={Fluid flow through granular beds},
  author={Carman, Phillip C},
  journal={Chemical Engineering Research and Design},
  number={75},
  pages={S32--S48},
  year={1997}
}

@article{chu1989flow,
  title={Flow in packed tubes with a small tube to particle diameter ratio},
  author={Chu, CF and Ng, KM},
  journal={AIChE journal},
  volume={35},
  number={1},
  pages={148--158},
  year={1989},
  publisher={Wiley Online Library}
}

@article{hill2001moderate,
  title={Moderate-Reynolds-number flows in ordered and random arrays of spheres},
  author={Hill, Reghan J and Koch, Donald L and Ladd, Anthony JC},
  journal={Journal of Fluid Mechanics},
  volume={448},
  pages={243--278},
  year={2001},
  publisher={Cambridge University Press}
}

@article{koplik1984conductivity,
  title={Conductivity and permeability from microgeometry},
  author={Koplik, J and Lin, C and Vermette, M},
  journal={Journal of Applied Physics},
  volume={56},
  number={11},
  pages={3127--3131},
  year={1984},
  publisher={AIP}
}


@article{larson1989periodic,
  title={A periodic grain consolidation model of porous media},
  author={Larson, RE and Higdon, JJL},
  journal={Physics of Fluids A: Fluid Dynamics},
  volume={1},
  number={1},
  pages={38--46},
  year={1989},
  publisher={AIP}
}


@article{valdes2009validity,
  title={Validity of the permeability Carman--Kozeny equation: a volume averaging approach},
  author={Valdes-Parada, Francisco J and Ochoa-Tapia, J Alberto and Alvarez-Ramirez, Jose},
  journal={Physica A: Statistical Mechanics and its Applications},
  volume={388},
  number={6},
  pages={789--798},
  year={2009},
  publisher={Elsevier}
}

@article{van2005lattice,
  title={Lattice-Boltzmann simulations of low-Reynolds-number flow past mono-and bidisperse arrays of spheres: results for the permeability and drag force},
  author={van der Hoef, Martin Anton and Beetstra, R and Kuipers, JAM},
  journal={Journal of fluid mechanics},
  volume={528},
  pages={233--254},
  year={2005},
  publisher={Cambridge University Press}
}


@article{xu2008developing,
  title={Developing a new form of permeability and Kozeny--Carman constant for homogeneous porous media by means of fractal geometry},
  author={Xu, Peng and Yu, Boming},
  journal={Advances in water resources},
  volume={31},
  number={1},
  pages={74--81},
  year={2008},
  publisher={Elsevier}
}

@Article{adami2012generalized,
  author    = {Adami, S and Hu, XY and Adams, Nikolaus A},
  title     = {A generalized wall boundary condition for smoothed particle hydrodynamics},
  journal   = {Journal of Computational Physics},
  year      = {2012},
  volume    = {231},
  number    = {21},
  pages     = {7057--7075},
  groups    = {SPH},
  publisher = {Elsevier},
}

@Article{belytschko1998completeness,
  author    = {Belytschko, T and Krongauz, Y and Dolbow, J and Gerlach, C},
  title     = {On the completeness of meshfree particle methods},
  journal   = {International Journal for Numerical Methods in Engineering},
  year      = {1998},
  volume    = {43},
  number    = {5},
  pages     = {785--819},
  groups    = {SPH},
  publisher = {Wiley Online Library},
}

@Article{benz1986origin,
  author    = {Benz, W and Slattery, WL and Cameron, AGW},
  title     = {The origin of the Moon and the single-impact hypothesis I},
  journal   = {Icarus},
  year      = {1986},
  volume    = {66},
  number    = {3},
  pages     = {515--535},
  groups    = {SPH},
  publisher = {Elsevier},
}

@Article{bonet1999variational,
  author    = {Bonet, J and Lok, T-SL},
  title     = {Variational and momentum preservation aspects of smooth particle hydrodynamic formulations},
  journal   = {Computer Methods in applied mechanics and engineering},
  year      = {1999},
  volume    = {180},
  number    = {1-2},
  pages     = {97--115},
  groups    = {SPH},
  publisher = {Elsevier},
}

@Article{courant1928partiellen,
  author    = {Courant, Richard and Friedrichs, Kurt and Lewy, Hans},
  title     = {{\"U}ber die partiellen Differenzengleichungen der mathematischen Physik},
  journal   = {Mathematische annalen},
  year      = {1928},
  volume    = {100},
  number    = {1},
  pages     = {32--74},
  file      = {:SPH/Basics/Courant Friedrich Levy - Über die partiellen Differenzengleichungen in der mathematischen Physik.pdf:PDF},
  groups    = {mathematical_basics},
  publisher = {Springer},
}

@Article{gingold1982kernel,
  author    = {Gingold, RA and Monaghan, JJ},
  title     = {Kernel estimates as a basis for general particle methods in hydrodynamics},
  journal   = {Journal of Computational Physics},
  year      = {1982},
  volume    = {46},
  number    = {3},
  pages     = {429--453},
  groups    = {SPH},
  publisher = {Elsevier},
}

@Article{gingold1977smoothed,
  author    = {Gingold, Robert A and Monaghan, Joseph J},
  title     = {Smoothed particle hydrodynamics: theory and application to non-spherical stars},
  journal   = {Monthly notices of the royal astronomical society},
  year      = {1977},
  volume    = {181},
  number    = {3},
  pages     = {375--389},
  file      = {:SPH/Basics/Gingold - Smoothed particle hydrodynamics_ theory and application to non-spherical stars.pdf:PDF},
  groups    = {SPH},
  publisher = {Oxford University Press Oxford, UK},
}

@Article{libersky1993high,
  author    = {Libersky, Larry D and Petschek, Albert G and Carney, Theodore C and Hipp, Jim R and Allahdadi, Firooz A},
  title     = {High strain Lagrangian hydrodynamics: a three-dimensional SPH code for dynamic material response},
  journal   = {Journal of computational physics},
  year      = {1993},
  volume    = {109},
  number    = {1},
  pages     = {67--75},
  groups    = {SPH},
  publisher = {Elsevier},
}

@InCollection{libersky1991smooth,
  author    = {Libersky, Larry D and Petschek, Albert G},
  title     = {Smooth particle hydrodynamics with strength of materials},
  booktitle = {Advances in the free-Lagrange method including contributions on adaptive gridding and the smooth particle hydrodynamics method},
  publisher = {Springer},
  year      = {1991},
  pages     = {248--257},
  groups    = {SPH},
}

@Article{lucy1977numerical,
  author  = {Lucy, Leon B},
  title   = {A numerical approach to the testing of the fission hypothesis},
  journal = {The astronomical journal},
  year    = {1977},
  volume  = {82},
  pages   = {1013--1024},
  file    = {:SPH/Basics/Lucy - Fisson hypothesis.pdf:PDF},
  groups  = {SPH},
}

@Article{monaghan1988introduction,
  author    = {Monaghan, Joseph J},
  title     = {An introduction to SPH},
  journal   = {Computer physics communications},
  year      = {1988},
  volume    = {48},
  number    = {1},
  pages     = {89--96},
  groups    = {SPH},
  publisher = {Elsevier},
}

@Article{monaghan1983shock,
  author    = {Monaghan, JJ and Gingold, Robert A},
  title     = {Shock simulation by the particle method SPH},
  journal   = {Journal of computational physics},
  year      = {1983},
  volume    = {52},
  number    = {2},
  pages     = {374--389},
  groups    = {SPH},
  publisher = {Elsevier},
}

@Article{morris1997modeling,
  author    = {Morris, Joseph P and Fox, Patrick J and Zhu, Yi},
  title     = {Modeling low Reynolds number incompressible flows using SPH},
  journal   = {Journal of computational physics},
  year      = {1997},
  volume    = {136},
  number    = {1},
  pages     = {214--226},
  groups    = {SPH},
  publisher = {Elsevier},
}

@Article{morris1996study,
  author    = {Morris, Joseph Peter},
  title     = {A study of the stability properties of smooth particle hydrodynamics},
  journal   = {Publications of the Astronomical Society of Australia},
  year      = {1996},
  volume    = {13},
  number    = {1},
  pages     = {97--102},
  groups    = {SPH},
  publisher = {Cambridge University Press},
}

@InCollection{stellingwerf1991smooth,
  author    = {Stellingwerf, Robert F},
  title     = {Smooth particle hydrodynamics},
  booktitle = {Advances in the Free-Lagrange Method Including Contributions on Adaptive Gridding and the Smooth Particle Hydrodynamics Method},
  publisher = {Springer},
  year      = {1991},
  pages     = {239--247},
  groups    = {SPH},
}

@Article{swegle1995smoothed,
  author    = {Swegle, JW and Hicks, DL and Attaway, SW},
  title     = {Smoothed particle hydrodynamics stability analysis},
  journal   = {Journal of computational physics},
  year      = {1995},
  volume    = {116},
  number    = {1},
  pages     = {123--134},
  groups    = {SPH},
  publisher = {Elsevier},
}

@Article{takeda1994numerical,
  author    = {Takeda, Hidenori and Miyama, Shoken M and Sekiya, Minoru},
  title     = {Numerical simulation of viscous flow by smoothed particle hydrodynamics},
  journal   = {Progress of theoretical physics},
  year      = {1994},
  volume    = {92},
  number    = {5},
  pages     = {939--960},
  groups    = {SPH},
  publisher = {Oxford University Press},
}

@article{zhu1999pore,
  title={A pore-scale numerical model for flow through porous media},
  author={Zhu, Yi and Fox, Patrick J and Morris, Joseph P},
  journal={International journal for numerical and analytical methods in geomechanics},
  volume={23},
  number={9},
  pages={881--904},
  year={1999},
  publisher={Wiley Online Library}
}

@Book{violeau2012fluid,
  title     = {Fluid mechanics and the SPH method: theory and applications},
  publisher = {Oxford University Press},
  year      = {2012},
  author    = {Violeau, Damien},
  groups    = {SPH},
}


@article{rodriguez2015experimental,
  title={Experimental study on nonmonotonicity of Capillary Desaturation Curves in a 2-D pore network},
  author={Rodr{\'\i}guez de Castro, Antonio and Shokri, Nima and Karadimitriou, Nikolaos and Oostrom, Mart and Joekar-Niasar, Vahid},
  journal={Water Resources Research},
  volume={51},
  number={10},
  pages={8517--8528},
  year={2015},
  publisher={Wiley Online Library}
}


@article{porter2010measurement,
  title={Measurement and prediction of the relationship between capillary pressure, saturation, and interfacial area in a NAPL-water-glass bead system},
  author={Porter, Mark L and Wildenschild, Dorthe and Grant, Gavin and Gerhard, Jason I},
  journal={Water Resources Research},
  volume={46},
  number={8},
  year={2010},
  publisher={Wiley Online Library}
}

@Article{sivanesapillai2016csf,
  author    = {Sivanesapillai, Rakulan and Falkner, Nadine and Hartmaier, Alexander and Steeb, Holger},
  title     = {A CSF-SPH method for simulating drainage and imbibition at pore-scale resolution while tracking interfacial areas},
  journal   = {Advances in water resources},
  year      = {2016},
  volume    = {95},
  pages     = {212--234},
  groups    = {SPH},
  publisher = {Elsevier},
}

@article{sivanesapillai2014transition,
  title={Transition of effective hydraulic properties from low to high Reynolds number flow in porous media},
  author={Sivanesapillai, R and Steeb, H and Hartmaier, A},
  journal={Geophysical Research Letters},
  volume={41},
  number={14},
  pages={4920--4928},
  year={2014},
  publisher={Wiley Online Library}
}

@InProceedings{shepard1968two,
  author       = {Shepard, Donald},
  title        = {A two-dimensional interpolation function for irregularly-spaced data},
  booktitle    = {Proceedings of the 1968 23rd ACM national conference},
  year         = {1968},
  pages        = {517--524},
  organization = {ACM},
  file         = {:SPH/Mathe_Phys_Basics/shepard-A two-dimensional interpolation function for irregularly-spaced data.pdf:PDF},
  groups       = {SPH, mathematical_basics},
}

@Article{wendland1995piecewise,
  author    = {Wendland, Holger},
  title     = {Piecewise polynomial, positive definite and compactly supported radial functions of minimal degree},
  journal   = {Advances in computational Mathematics},
  year      = {1995},
  volume    = {4},
  number    = {1},
  pages     = {389--396},
  groups    = {SPH},
  publisher = {Springer},
}

@Article{hayward1967compressibility,
  author    = {Hayward, Alan Thomas Joseph},
  title     = {Compressibility equations for liquids: a comparative study},
  journal   = {British Journal of Applied Physics},
  year      = {1967},
  volume    = {18},
  number    = {7},
  pages     = {965},
  file      = {:SPH/Miscellaneous/A_T_J_Hayward_1967_Br._J._Appl._Phys._18_312.pdf:PDF},
  publisher = {IOP Publishing},
}

@Article{brookshaw1985method,
  author    = {Brookshaw, L},
  title     = {A method of calculating radiative heat diffusion in particle simulations},
  journal   = {Publications of the Astronomical Society of Australia},
  year      = {1985},
  volume    = {6},
  number    = {2},
  pages     = {207--210},
  groups    = {SPH},
  publisher = {Cambridge University Press},
}

@Article{szewc2012analysis,
  author    = {Szewc, Kamil and Pozorski, Jacek and Minier, J-P},
  title     = {Analysis of the incompressibility constraint in the smoothed particle hydrodynamics method},
  journal   = {International Journal for Numerical Methods in Engineering},
  year      = {2012},
  volume    = {92},
  number    = {4},
  pages     = {343--369},
  groups    = {SPH},
  publisher = {Wiley Online Library},
}

@Article{taylor1934formation,
  author    = {Taylor, Geoffrey Ingram},
  title     = {The formation of emulsions in definable fields of flow},
  journal   = {Proc. R. Soc. Lond. A},
  year      = {1934},
  volume    = {146},
  number    = {858},
  pages     = {501--523},
  file      = {:SPH/Miscellaneous/Taylor - The Formation of Emulsions in Definable Fields of Flow.pdf:PDF},
  groups    = {mathematical_basics},
  publisher = {The Royal Society},
}

@Article{adami2010conservative,
  author    = {Adami, S and Hu, XY and Adams, Nikolaus A},
  title     = {A conservative SPH method for surfactant dynamics},
  journal   = {Journal of Computational Physics},
  year      = {2010},
  volume    = {229},
  number    = {5},
  pages     = {1909--1926},
  groups    = {SPH},
  publisher = {Elsevier},
}


@article{scardovelli1999direct,
  title={Direct numerical simulation of free-surface and interfacial flow},
  author={Scardovelli, Ruben and Zaleski, St{\'e}phane},
  journal={Annual review of fluid mechanics},
  volume={31},
  number={1},
  pages={567--603},
  year={1999},
  publisher={Annual Reviews 4139 El Camino Way, PO Box 10139, Palo Alto, CA 94303-0139, USA}
}

@Article{antuono2015energy,
  author    = {Antuono, Matteo and Marrone, S and Colagrossi, A and Bouscasse, B},
  title     = {Energy balance in the $\delta$-SPH scheme},
  journal   = {Computer Methods in Applied Mechanics and Engineering},
  year      = {2015},
  volume    = {289},
  pages     = {209--226},
  groups    = {SPH},
  publisher = {Elsevier},
}

@Article{antuono2010free,
  author    = {Antuono, Matteo and Colagrossi, Andrea and Marrone, Salvatore and Molteni, Diego},
  title     = {Free-surface flows solved by means of SPH schemes with numerical diffusive terms},
  journal   = {Computer Physics Communications},
  year      = {2010},
  volume    = {181},
  number    = {3},
  pages     = {532--549},
  groups    = {SPH},
  publisher = {Elsevier},
}


@article{brackbill1992continuum,
  title={A continuum method for modeling surface tension},
  author={Brackbill, Jeremiah U and Kothe, Douglas B and Zemach, Charles},
  journal={Journal of computational physics},
  volume={100},
  number={2},
  pages={335--354},
  year={1992},
  publisher={Elsevier}
}

@Article{breinlinger2013surface,
  author    = {Breinlinger, Thomas and Polfer, Pit and Hashibon, Adham and Kraft, Torsten},
  title     = {Surface tension and wetting effects with smoothed particle hydrodynamics},
  journal   = {Journal of Computational Physics},
  year      = {2013},
  volume    = {243},
  pages     = {14--27},
  groups    = {SPH},
  publisher = {Elsevier},
}


@article{sivanesapillai2018fluid,
  title={Fluid Interfaces during Viscous-Dominated Primary Drainage in 2D Micromodels Using Pore-Scale SPH Simulations},
  author={Sivanesapillai, Rakulan and Steeb, Holger},
  journal={Geofluids},
  volume={2018},
  year={2018},
  publisher={Hindawi}
}

@Article{fourtakas2016modelling,
  author    = {Fourtakas, G and Rogers, BD},
  title     = {Modelling multi-phase liquid-sediment scour and resuspension induced by rapid flows using Smoothed Particle Hydrodynamics (SPH) accelerated with a Graphics Processing Unit (GPU)},
  journal   = {Advances in water resources},
  year      = {2016},
  volume    = {92},
  pages     = {186--199},
  groups    = {SPH},
  publisher = {Elsevier},
}


@article{hu2006multi,
  title={A multi-phase SPH method for macroscopic and mesoscopic flows},
  author={Hu, Xiang Yu and Adams, Nikolaus A},
  journal={Journal of Computational Physics},
  volume={213},
  number={2},
  pages={844--861},
  year={2006},
  publisher={Elsevier}
}

@Article{krimi2018multiphase,
  author    = {Krimi, Abdelkader and Khelladi, Sofiane and Nogueira, Xes{\'u}s and Deligant, Michael and Ata, Riadh and Rezoug, Mehdi},
  title     = {Multiphase smoothed particle hydrodynamics approach for modeling soil--water interactions},
  journal   = {Advances in Water Resources},
  year      = {2018},
  volume    = {121},
  pages     = {189--205},
  groups    = {SPH},
  publisher = {Elsevier},
}

@Article{krimi2018smoothed,
  author    = {Krimi, Abdelkader and Rezoug, Mehdi and Khelladi, Sofiane and Nogueira, Xes{\'u}s and Deligant, Michael and Ram{\'\i}rez, Luis},
  title     = {Smoothed particle hydrodynamics: A consistent model for interfacial multiphase fluid flow simulations},
  journal   = {Journal of Computational Physics},
  year      = {2018},
  volume    = {358},
  pages     = {53--87},
  groups    = {SPH},
  publisher = {Elsevier},
}



@article{lenormand1988numerical,
  title={Numerical models and experiments on immiscible displacements in porous media},
  author={Lenormand, Roland and Touboul, Eric and Zarcone, Cesar},
  journal={Journal of fluid mechanics},
  volume={189},
  pages={165--187},
  year={1988},
  publisher={Cambridge University Press}
}

@Article{morris2000simulating,
  author    = {Morris, Joseph P},
  title     = {Simulating surface tension with smoothed particle hydrodynamics},
  journal   = {International journal for numerical methods in fluids},
  year      = {2000},
  volume    = {33},
  number    = {3},
  pages     = {333--353},
  groups    = {SPH},
  publisher = {Wiley Online Library},
}


@article{nuske2015modeling,
  title={Modeling two-phase flow in a micro-model with local thermal non-equilibrium on the Darcy scale},
  author={Nuske, Philipp and Ronneberger, Olaf and Karadimitriou, Nikolaos K and Helmig, Rainer and Hassanizadeh, S Majid},
  journal={International Journal of Heat and Mass Transfer},
  volume={88},
  pages={822--835},
  year={2015},
  publisher={Elsevier}
}

@Article{ott2003modified,
  author  = {Ott, Frank and Schnetter, Erik},
  title   = {A modified SPH approach for fluids with large density differences},
  journal = {arXiv preprint physics/0303112},
  year    = {2003},
  groups  = {SPH},
}

@Article{szewc2012study,
  author    = {Szewc, Kamil and Taniere, Anne and Pozorski, Jacek and Minier, J-P},
  title     = {A study on application of smoothed particle hydrodynamics to multi-phase flows},
  journal   = {International Journal of Nonlinear Sciences and Numerical Simulation},
  year      = {2012},
  volume    = {13},
  number    = {6},
  pages     = {383--395},
  groups    = {SPH},
  publisher = {De Gruyter},
}

@Article{tartakovsky2006pore,
  author    = {Tartakovsky, Alexandre M and Meakin, Paul},
  title     = {Pore scale modeling of immiscible and miscible fluid flows using smoothed particle hydrodynamics},
  journal   = {Advances in Water Resources},
  year      = {2006},
  volume    = {29},
  number    = {10},
  pages     = {1464--1478},
  groups    = {SPH},
  publisher = {Elsevier},
}


@article{zhang2011influence,
  title={Influence of viscous and capillary forces on immiscible fluid displacement: Pore-scale experimental study in a water-wet micromodel demonstrating viscous and capillary fingering},
  author={Zhang, Changyong and Oostrom, Mart and Wietsma, Thomas W and Grate, Jay W and Warner, Marvin G},
  journal={Energy \& Fuels},
  volume={25},
  number={8},
  pages={3493--3505},
  year={2011},
  publisher={ACS Publications}
}


@article{zhou1993flow,
  title={The flow of suspensions in channels: single files of drops},
  author={Zhou, Hua and Pozrikidis, C},
  journal={Physics of Fluids A: Fluid Dynamics},
  volume={5},
  number={2},
  pages={311--324},
  year={1993},
  publisher={AIP}
}

@Article{monaghan2012smoothed,
  author    = {Monaghan, Joseph J},
  title     = {Smoothed particle hydrodynamics and its diverse applications},
  journal   = {Annual Review of Fluid Mechanics},
  year      = {2012},
  volume    = {44},
  pages     = {323--346},
  groups    = {SPH},
  publisher = {Annual Reviews},
}

@Article{cossins2010smoothed,
  author  = {Cossins, Peter J},
  title   = {Smoothed particle hydrodynamics},
  journal = {arXiv preprint arXiv:1007.1245},
  year    = {2010},
  groups  = {SPH},
}

@Article{liu2010smoothed,
  author    = {Liu, MB and Liu, GR},
  title     = {Smoothed particle hydrodynamics (SPH): an overview and recent developments},
  journal   = {Archives of computational methods in engineering},
  year      = {2010},
  volume    = {17},
  number    = {1},
  pages     = {25--76},
  groups    = {SPH},
  publisher = {Springer},
}

@Article{monaghan1992smoothed,
  author    = {Monaghan, Joe J},
  title     = {Smoothed particle hydrodynamics},
  journal   = {Annual review of astronomy and astrophysics},
  year      = {1992},
  volume    = {30},
  number    = {1},
  pages     = {543--574},
  groups    = {SPH},
  publisher = {Annual Reviews 4139 El Camino Way, PO Box 10139, Palo Alto, CA 94303-0139, USA},
}


@article{osorno2015finite,
  title={Finite difference calculations of permeability in large domains in a wide porosity range},
  author={Osorno, Maria and Uribe, David and Ruiz, Oscar E and Steeb, Holger},
  journal={Archive of Applied Mechanics},
  volume={85},
  number={8},
  pages={1043--1054},
  year={2015},
  publisher={Springer}
}

@Article{osorno2016smoothed,
  author    = {Osorno, Maria and Steeb, Holger},
  title     = {Smoothed Particle Hydrodynamics modelling of poroelastic media},
  journal   = {PAMM},
  year      = {2016},
  volume    = {16},
  number    = {1},
  pages     = {469--470},
  groups    = {SPH},
  publisher = {Wiley Online Library},
}



@article{yiotis2007lattice,
  title={A lattice Boltzmann study of viscous coupling effects in immiscible two-phase flow in porous media},
  author={Yiotis, Andreas G and Psihogios, John and Kainourgiakis, Michael E and Papaioannou, Aggelos and Stubos, Athanassios K},
  journal={Colloids and Surfaces A: Physicochemical and Engineering Aspects},
  volume={300},
  number={1-2},
  pages={35--49},
  year={2007},
  publisher={Elsevier}
}


@article{de1988historical,
  title={A historical review of the formulation of porous media theories},
  author={De Boer, R and Ehlers, W},
  journal={Acta Mechanica},
  volume={74},
  number={1-4},
  pages={1--8},
  year={1988},
  publisher={Springer}
}


@article{de1996highlights,
  title={Highlights in the historical development of the porous media theory: toward a consistent macroscopic theory},
  author={De Boer, Reint},
  journal={Applied Mechanics Reviews},
  volume={49},
  number={4},
  pages={201--262},
  year={1996},
  publisher={American Society of Mechanical Engineers}
}

@Article{coleman1963thermodynamics,
  author    = {Coleman, Bernard D and Noll, Walter},
  title     = {The thermodynamics of elastic materials with heat conduction and viscosity},
  journal   = {Archive for rational mechanics and analysis},
  year      = {1963},
  volume    = {13},
  number    = {1},
  pages     = {167--178},
  file      = {:TPM/Coleman-Noll1963_Article_TheThermodynamicsOfElasticMate.pdf:PDF},
  groups    = {TPM, CM},
  publisher = {Springer},
}

@book{haberle2017fluid,
  title={Fluid-phase transitions in a multiphasic model of CO2 sequestration into deep aquifers: a fully coupled analysis of transport phenomena and solid deformation},
  author={H{\"a}berle, Kai},
  year={2017},
  publisher={Stuttgart: Institut f{\"u}r Mechanik (Bauwesen), Lehrstuhl f{\"u}r~…}
}


@article{wagner2014extended,
  title={Extended modelling of the multiphasic human brain tissue with application to drug-infusion processes},
  author={Wagner, Arndt},
  year={2014}
}

@incollection{ehlers2002foundations,
  title={Foundations of multiphasic and porous materials},
  author={Ehlers, Wolfgang},
  booktitle={Porous media},
  pages={3--86},
  year={2002},
  publisher={Springer}
}


@article{ehlers2009challenges,
  title={Challenges of porous media models in geo-and biomechanical engineering including electro-chemically active polymers and gels},
  author={Ehlers, Wolfgang},
  journal={International Journal of Advances in Engineering Sciences and Applied Mathematics},
  volume={1},
  number={1},
  pages={1--24},
  year={2009},
  publisher={Springer}
}

@Article{hassanizadeh1979general,
  author    = {Hassanizadeh, Majid and Gray, William G},
  title     = {General conservation equations for multi-phase systems: 1. Averaging procedure},
  journal   = {Advances in water resources},
  year      = {1979},
  volume    = {2},
  pages     = {131--144},
  groups    = {TPM, CM},
  publisher = {Elsevier},
}

@Article{Hassanizadeh1979,
  author    = {Hassanizadeh, Majid and Gray, William G},
  title     = {General conservation equations for multi-phase systems: 2. Mass, momenta, energy, and entropy equations},
  journal   = {Advances in water resources},
  year      = {1979},
  volume    = {2},
  number    = {4},
  pages     = {191--203},
  groups    = {TPM, CM},
  publisher = {Elsevier Limited},
}

@Article{hassanizadeh1980general,
  author  = {Hassanizadeh, Majid and Gray, William G and others},
  title   = {General conservation equations for multi-phase systems: 3. Constitutive theory for porous media flow},
  journal = {Adv. Water Resour},
  year    = {1980},
  volume  = {3},
  number  = {1},
  pages   = {25--40},
  groups  = {TPM, CM},
}


@article{yazdchi2012micro,
  title={Micro-macro relations for flow through fibrous media},
  author={Yazdchi, Kazem},
  year={2012}
}



@article{hommel2018porosity,
  title={Porosity--Permeability Relations for Evolving Pore Space: A Review with a Focus on (Bio-) geochemically Altered Porous Media},
  author={Hommel, Johannes and Coltman, Edward and Class, Holger},
  journal={Transport in Porous Media},
  pages={1--41},
  year={2018},
  publisher={Springer}
}

@article{helmig2010efficientmodeling,
  title={EfficientModeling of Flow and Transport in Porous Media Using Multiphysics andMultiscale Approaches},
  author={Helmig, Rainer and Niessner, Jennifer and Flemisch, Bernd and Wolff, Markus and Fritz, Jochen},
  journal={Handbook of geomathematics},
  pages={417--457},
  year={2010},
  publisher={Springer}
}
@InCollection{leimkuhler1996integration,
  author    = {Leimkuhler, Benedict J and Reich, Sebastian and Skeel, Robert D},
  title     = {Integration methods for molecular dynamics},
  booktitle = {Mathematical Approaches to biomolecular structure and dynamics},
  publisher = {Springer},
  year      = {1996},
  pages     = {161--185},
  groups    = {SPH},
}

@Article{schluter2016pore,
  author    = {Schl{\"u}ter, S and Berg, S and R{\"u}cker, M and Armstrong, RT and Vogel, H-J and Hilfer, R and Wildenschild, D},
  title     = {Pore-scale displacement mechanisms as a source of hysteresis for two-phase flow in porous media},
  journal   = {Water Resources Research},
  year      = {2016},
  volume    = {52},
  number    = {3},
  pages     = {2194--2205},
  groups    = {SPH},
  publisher = {Wiley Online Library},
}

@Article{antuono2012numerical,
  author    = {Antuono, Matteo and Colagrossi, Andrea and Marrone, Salvatore},
  title     = {Numerical diffusive terms in weakly-compressible SPH schemes},
  journal   = {Computer Physics Communications},
  year      = {2012},
  volume    = {183},
  number    = {12},
  pages     = {2570--2580},
  groups    = {SPH},
  publisher = {Elsevier},
}

@Article{colagrossi2003numerical,
  author    = {Colagrossi, Andrea and Landrini, Maurizio},
  title     = {Numerical simulation of interfacial flows by smoothed particle hydrodynamics},
  journal   = {Journal of computational physics},
  year      = {2003},
  volume    = {191},
  number    = {2},
  pages     = {448--475},
  groups    = {SPH},
  publisher = {Elsevier},
}

@Article{akinci2012versatile,
  author    = {Akinci, Nadir and Ihmsen, Markus and Akinci, Gizem and Solenthaler, Barbara and Teschner, Matthias},
  title     = {Versatile rigid-fluid coupling for incompressible SPH},
  journal   = {ACM Transactions on Graphics (TOG)},
  year      = {2012},
  volume    = {31},
  number    = {4},
  pages     = {62},
  groups    = {SPH},
  publisher = {ACM},
}

@Article{crespo2015dualsphysics,
  author    = {Crespo, Alejandro JC and Dom{\'\i}nguez, Jos{\'e} M and Rogers, Benedict D and G{\'o}mez-Gesteira, Moncho and Longshaw, S and Canelas, R and Vacondio, Renato and Barreiro, A and Garc{\'\i}a-Feal, O},
  title     = {DualSPHysics: Open-source parallel CFD solver based on Smoothed Particle Hydrodynamics (SPH)},
  journal   = {Computer Physics Communications},
  year      = {2015},
  volume    = {187},
  pages     = {204--216},
  groups    = {SPH},
  publisher = {Elsevier},
}

@Article{lee2008comparisons,
  author    = {Lee, E-S and Moulinec, Charles and Xu, Rui and Violeau, Damien and Laurence, Dominique and Stansby, Peter},
  title     = {Comparisons of weakly compressible and truly incompressible algorithms for the SPH mesh free particle method},
  journal   = {Journal of computational Physics},
  year      = {2008},
  volume    = {227},
  number    = {18},
  pages     = {8417--8436},
  groups    = {SPH},
  publisher = {Elsevier},
}

@Article{lind2012incompressible,
  author    = {Lind, SJ and Xu, Rui and Stansby, PK and Rogers, Benedict D},
  title     = {Incompressible smoothed particle hydrodynamics for free-surface flows: A generalised diffusion-based algorithm for stability and validations for impulsive flows and propagating waves},
  journal   = {Journal of Computational Physics},
  year      = {2012},
  volume    = {231},
  number    = {4},
  pages     = {1499--1523},
  groups    = {SPH},
  publisher = {Elsevier},
}

@Article{mokos2017multi,
  author    = {Mokos, Athanasios and Rogers, Benedict D and Stansby, Peter K},
  title     = {A multi-phase particle shifting algorithm for SPH simulations of violent hydrodynamics with a large number of particles},
  journal   = {Journal of Hydraulic Research},
  year      = {2017},
  volume    = {55},
  number    = {2},
  pages     = {143--162},
  groups    = {SPH},
  publisher = {Taylor \& Francis},
}

@Article{kordilla2014smoothed,
  author    = {Kordilla, Jannes and Pan, Wenxiao and Tartakovsky, Alexandre},
  title     = {Smoothed particle hydrodynamics model for Landau-Lifshitz-Navier-Stokes and advection-diffusion equations},
  journal   = {The Journal of chemical physics},
  year      = {2014},
  volume    = {141},
  number    = {22},
  pages     = {224112},
  groups    = {SPH},
  publisher = {AIP},
}

@Article{randles1996smoothed,
  author    = {Randles, PW and Libersky, LD},
  title     = {Smoothed particle hydrodynamics: some recent improvements and applications},
  journal   = {Computer methods in applied mechanics and engineering},
  year      = {1996},
  volume    = {139},
  number    = {1-4},
  pages     = {375--408},
  groups    = {SPH},
  publisher = {Elsevier},
}

@Article{monaghan2009sph,
  author    = {Monaghan, Joe J and Kajtar, Jules B},
  title     = {SPH particle boundary forces for arbitrary boundaries},
  journal   = {Computer Physics Communications},
  year      = {2009},
  volume    = {180},
  number    = {10},
  pages     = {1811--1820},
  groups    = {SPH},
  publisher = {Elsevier},
}

@Article{hoover1998isomorphism,
  author    = {Hoover, Wm G},
  title     = {Isomorphism linking smooth particles and embedded atoms},
  journal   = {Physica A: Statistical Mechanics and its Applications},
  year      = {1998},
  volume    = {260},
  number    = {3-4},
  pages     = {244--254},
  groups    = {SPH},
  publisher = {Elsevier},
}

@Article{adami2010new,
  author    = {Adami, S and Hu, XY and Adams, Nikolaus A},
  title     = {A new surface-tension formulation for multi-phase SPH using a reproducing divergence approximation},
  journal   = {Journal of Computational Physics},
  year      = {2010},
  volume    = {229},
  number    = {13},
  pages     = {5011--5021},
  groups    = {SPH},
  publisher = {Elsevier},
}

@Article{Molteni2009,
  author    = {Molteni, Diego and Colagrossi, Andrea},
  title     = {A simple procedure to improve the pressure evaluation in hydrodynamic context using the SPH},
  journal   = {Computer Physics Communications},
  year      = {2009},
  volume    = {180},
  number    = {6},
  pages     = {861--872},
  groups    = {SPH},
  publisher = {Elsevier},
}

@PhdThesis{Green2016,
  author = {Green, Mashy David},
  title  = {Sloshing simulations with the smoothed particle hydrodynamics (SPH) method},
  school = {Imperial College London},
  year   = {2016},
  groups = {SPH},
}

@Article{kordilla2017effect,
  author    = {Kordilla, Jannes and Noffz, Torsten and Dentz, Marco and Geyer, Tobias and Tartakovsky, Alexandre M},
  title     = {Effect of Unsaturated Flow Modes on Partitioning Dynamics of Gravity-Driven Flow at a Simple Fracture Intersection: Laboratory Study and Three-Dimensional Smoothed Particle Hydrodynamics Simulations},
  journal   = {Water Resources Research},
  year      = {2017},
  volume    = {53},
  number    = {11},
  pages     = {9496--9518},
  groups    = {SPH},
  publisher = {Wiley Online Library},
}

@Article{crespo2008modeling,
  author    = {Crespo, AJ and G{\'o}mez-Gesteira, M and Dalrymple, Robert A},
  title     = {Modeling dam break behavior over a wet bed by a SPH technique},
  journal   = {Journal of waterway, port, coastal, and ocean engineering},
  year      = {2008},
  volume    = {134},
  number    = {6},
  pages     = {313--320},
  groups    = {SPH},
  publisher = {American Society of Civil Engineers},
}

@Article{gomez2010state,
  author    = {Gomez-Gesteira, Moncho and Rogers, Benedict D and Dalrymple, Robert A and Crespo, Alex JC},
  title     = {State-of-the-art of classical SPH for free-surface flows},
  journal   = {Journal of Hydraulic Research},
  year      = {2010},
  volume    = {48},
  number    = {S1},
  pages     = {6--27},
  groups    = {SPH},
  publisher = {Taylor \& Francis Group},
}

@Article{xu2009accuracy,
  author    = {Xu, Rui and Stansby, Peter and Laurence, Dominique},
  title     = {Accuracy and stability in incompressible SPH (ISPH) based on the projection method and a new approach},
  journal   = {Journal of computational Physics},
  year      = {2009},
  volume    = {228},
  number    = {18},
  pages     = {6703--6725},
  groups    = {SPH},
  publisher = {Elsevier},
}

@Article{rook2007modeling,
  author    = {Rook, Rusty and Yildiz, Mehmet and Dost, Sadik},
  title     = {Modeling transient heat transfer using SPH and implicit time integration},
  journal   = {Numerical Heat Transfer, Part B: Fundamentals},
  year      = {2007},
  volume    = {51},
  number    = {1},
  pages     = {1--23},
  groups    = {SPH},
  publisher = {Taylor \& Francis},
}

@Article{verlet1967computer,
  author    = {Verlet, Loup},
  title     = {Computer" experiments" on classical fluids. I. Thermodynamical properties of Lennard-Jones molecules},
  journal   = {Physical review},
  year      = {1967},
  volume    = {159},
  number    = {1},
  pages     = {98},
  file      = {:SPH/ComputerExperimentsonClassicalFluids.pdf:PDF},
  groups    = {SPH, numerics},
  publisher = {APS},
}

@Article{bierbrauer2009consistent,
  author    = {Bierbrauer, F and Bollada, PC and Phillips, TN},
  title     = {A consistent reflected image particle approach to the treatment of boundary conditions in smoothed particle hydrodynamics},
  journal   = {Computer Methods in Applied Mechanics and Engineering},
  year      = {2009},
  volume    = {198},
  number    = {41-44},
  pages     = {3400--3410},
  groups    = {SPH},
  publisher = {Elsevier},
}

@Article{bian2014splitting,
  author    = {Bian, Xin and Ellero, Marco},
  title     = {A splitting integration scheme for the SPH simulation of concentrated particle suspensions},
  journal   = {Computer Physics Communications},
  year      = {2014},
  volume    = {185},
  number    = {1},
  pages     = {53--62},
  groups    = {SPH},
  publisher = {Elsevier},
}

@Article{dalrymple2006numerical,
  author    = {Dalrymple, Rad A and Rogers, BD},
  title     = {Numerical modeling of water waves with the SPH method},
  journal   = {Coastal engineering},
  year      = {2006},
  volume    = {53},
  number    = {2-3},
  pages     = {141--147},
  groups    = {SPH},
  publisher = {Elsevier},
}

@Article{xu2013sph,
  author    = {Xu, Xiaoyang and Ouyang, Jie},
  title     = {A SPH-based particle method for simulating 3D transient free surface flows of branched polymer melts},
  journal   = {Journal of Non-Newtonian Fluid Mechanics},
  year      = {2013},
  volume    = {202},
  pages     = {54--71},
  groups    = {SPH},
  publisher = {Elsevier},
}

@Article{kordilla2013smoothed,
  author    = {Kordilla, Jannes and Tartakovsky, Alexandre M and Geyer, Tobias},
  title     = {A smoothed particle hydrodynamics model for droplet and film flow on smooth and rough fracture surfaces},
  journal   = {Advances in Water Resources},
  year      = {2013},
  volume    = {59},
  pages     = {1--14},
  groups    = {SPH},
  publisher = {Elsevier},
}

@Article{Crespo2011,
  author    = {Crespo, Alejandro C and Dominguez, Jose M and Barreiro, Anxo and G{\'o}mez-Gesteira, Moncho and Rogers, Benedict D},
  title     = {GPUs, a new tool of acceleration in CFD: efficiency and reliability on smoothed particle hydrodynamics methods},
  journal   = {PloS one},
  year      = {2011},
  volume    = {6},
  number    = {6},
  pages     = {e20685},
  publisher = {Public Library of Science},
}

@Article{nugent2000liquid,
  author    = {Nugent, S and Posch, HA},
  title     = {Liquid drops and surface tension with smoothed particle applied mechanics},
  journal   = {Physical Review E},
  year      = {2000},
  volume    = {62},
  number    = {4},
  pages     = {4968},
  groups    = {SPH},
  publisher = {APS},
}

@article{yin2019direct,
  title={Direct simulations of two-phase flow experiments of different geometry complexities using Volume-of-Fluid (VOF) method},
  author={Yin, X and Zarikos, I and Karadimitriou, NK and Raoof, A and Hassanizadeh, SM},
  journal={Chemical Engineering Science},
  volume={195},
  pages={820--827},
  year={2019},
  publisher={Elsevier}
}

@article{yang2019impact,
  title={Impact of a Linear Array of Hydrophilic and Superhydrophobic Spheres on a Deep Water Pool},
  author={Yang, Guang and Vaikuntanathan, Visakh and Terzis, Alexandros and Cheng, Xin and Weigand, Bernhard and Helmig, Rainer},
  journal={Colloids and Interfaces},
  volume={3},
  number={1},
  pages={29},
  year={2019},
  publisher={Multidisciplinary Digital Publishing Institute}
}

@Article{Mokos2017,
  author    = {Mokos, Athanasios and Rogers, Benedict D and Stansby, Peter K},
  title     = {A multi-phase particle shifting algorithm for SPH simulations of violent hydrodynamics with a large number of particles},
  journal   = {Journal of Hydraulic Research},
  year      = {2017},
  volume    = {55},
  number    = {2},
  pages     = {143--162},
  groups    = {SPH},
  publisher = {Taylor \& Francis},
}


@article{noffz2019analogue,
  title={Analogue Fracture Experiments and Analytical Modeling of Unsaturated Percolation Dynamics in Fracture Cascades},
  author={Noffz, Torsten and Dentz, Marco and Kordilla, Jannes},
  journal={Vadose Zone Journal},
  volume={18},
  number={1},
  year={2019},
  publisher={The Soil Science Society of America, Inc.}
}

@Article{bell2007numerical,
  author    = {Bell, John B and Garcia, Alejandro L and Williams, Sarah A},
  title     = {Numerical methods for the stochastic Landau-Lifshitz Navier-Stokes equations},
  journal   = {Physical Review E},
  year      = {2007},
  volume    = {76},
  number    = {1},
  pages     = {016708},
  groups    = {SPH},
  publisher = {APS},
}

@Article{crespo2014user,
  author  = {Crespo, AJC and Dominguez, JM and G{\'o}mez-Gesteira, M and Barreiro, A and Rogers, BD},
  title   = {User guide for DualSPHysics code},
  journal = {University of Vigo, The University of Manchester and Johns Hopkins University},
  year    = {2014},
  groups  = {SPH},
}

@Article{gomez2012sphysics1,
  author    = {Gomez-Gesteira, Moncho and Rogers, Benedict D and Crespo, Alejandro JC and Dalrymple, Robert A and Narayanaswamy, Muthukumar and Dominguez, Jos{\'e} M},
  title     = {SPHysics--development of a free-surface fluid solver--Part 1: Theory and formulations},
  journal   = {Computers \& Geosciences},
  year      = {2012},
  volume    = {48},
  pages     = {289--299},
  groups    = {SPH},
  publisher = {Elsevier},
}

@Article{gomez2012sphysics2,
  author    = {G{\'o}mez-Gesteira, Moncho and Crespo, Alejandro JC and Rogers, Benedict D and Dalrymple, Robert A and Dominguez, Jos{\'e} M and Barreiro, Anxo},
  title     = {SPHysics--development of a free-surface fluid solver--Part 2: Efficiency and test cases},
  journal   = {Computers \& Geosciences},
  year      = {2012},
  volume    = {48},
  pages     = {300--307},
  groups    = {SPH},
  publisher = {Elsevier},
}

@Article{monaghan1994simulating,
  author    = {Monaghan, Joe J},
  title     = {Simulating free surface flows with SPH},
  journal   = {Journal of computational physics},
  year      = {1994},
  volume    = {110},
  number    = {2},
  pages     = {399--406},
  groups    = {SPH},
  publisher = {Elsevier},
}

@Article{ferrari2009new,
  author    = {Ferrari, Angela and Dumbser, Michael and Toro, Eleuterio F and Armanini, Aronne},
  title     = {A new 3D parallel SPH scheme for free surface flows},
  journal   = {Computers \& Fluids},
  year      = {2009},
  volume    = {38},
  number    = {6},
  pages     = {1203--1217},
  groups    = {SPH},
  publisher = {Elsevier},
}

@article{nagarajan2003robust,
  title={A robust high-order compact method for large eddy simulation},
  author={Nagarajan, Santhanam and Lele, Sanjiva K and Ferziger, Joel H},
  journal={Journal of Computational Physics},
  volume={191},
  number={2},
  pages={392--419},
  year={2003},
  publisher={Elsevier}
}

@Article{harlow1965numerical,
  author    = {Harlow, Francis H and Welch, J Eddie},
  title     = {Numerical calculation of time-dependent viscous incompressible flow of fluid with free surface},
  journal   = {The physics of fluids},
  year      = {1965},
  volume    = {8},
  number    = {12},
  pages     = {2182--2189},
  file      = {:Stokes_Solver/Harlow, Welch Numerical Calculation of Time‐Dependent Viscous Incompressible Flow of Fluid with Free Surface.pdf:PDF},
  groups    = {numerics, StokesSolver},
  publisher = {AIP},
}

@article{metropolis1953equation,
  title={Equation of state calculations by fast computing machines},
  author={Metropolis, Nicholas and Rosenbluth, Arianna W and Rosenbluth, Marshall N and Teller, Augusta H and Teller, Edward},
  journal={The journal of chemical physics},
  volume={21},
  number={6},
  pages={1087--1092},
  year={1953},
  publisher={AIP}
}

@book{leveque2007finite,
  title={Finite difference methods for ordinary and partial differential equations: steady-state and time-dependent problems},
  author={LeVeque, Randall J},
  volume={98},
  year={2007},
  publisher={Siam}
}

@book{thomasparallel,
  title={Parallel programming: for multicore and cluster systems},
  author={Thomas. Rauber and Gudula. R{\"u}nger},
  publisher={Springer-Verlag}
}

@ARTICLE{osorno2019,
  author = {M. Osorno and M. Schirwon and N. Kijanski and R. Sivanesapillai and H. Steeb and D. G\"oddeke},
  title = {A cross-platform, high-performance {SPH} implementation of flow in $\mu${CT} imaged porous media for digital rock physics},
  journal = {Computer Physics Communications},
  year = {2019},
  note = {submitted for publication}
}

@article{swope1982computer,
  title={A computer simulation method for the calculation of equilibrium constants for the formation of physical clusters of molecules: Application to small water clusters},
  author={Swope, William C and Andersen, Hans C and Berens, Peter H and Wilson, Kent R},
  journal={The Journal of Chemical Physics},
  volume={76},
  number={1},
  pages={637--649},
  year={1982},
  publisher={American Institute of Physics}
}

@ARTICLE{Rink2020,
author={Rink, K. and Nixdorf, E. and Zhou, C. and Hillmann, M. and Bilke, L.},
title={A virtual geographic environment for multi-compartment water and solute dynamics in large catchments},
journal={Journal of Hydrology},
year={2020},
volume={582},
doi={10.1016/j.jhydrol.2019.124507},
art_number={124507},
note={cited By 0},
url={https://www.scopus.com/inward/record.uri?eid=2-s2.0-85077800435&doi=10.1016%2fj.jhydrol.2019.124507&partnerID=40&md5=3999673c00754b5bfcbdc0dc569702f3},
document_type={Article},
source={Scopus},
}


%%%%%%%%%%%%%%%%%%%%%%%%%%%%%%%%%%%%%%%%%%%%%%%%%%%%%%%%%%%%%%%%%%%%%%%%%%%%%%%%%
%ToDos
@article{Rizvietal2018a,
  title={Meso scale modelling of infill foam concrete wall for earthquake loads},
  author={Rizvi, Z. H. and Sattari, A. S. and Wuttke, F.},
  journal={16th European Conference on Earthquake Engineering (16ECEE), Thessaloniki, Greece},
  year={2018},
}

@Article{sivanesapillai2016pore,
  author = {Sivanesapillai, Rakulan},
  title  = {Pore-scale study of non-darcian fluid flow in porous media using smoothed-particle hydrodynamics},
  year   = {2016},
  groups = {SPH},
}

@incollection{hostettler2018,
  title={Litho-and biostratigraphy of the Opalinus Clay and bounding formations in the Mont Terri rock laboratory (Switzerland)},
  author={Hostettler, Bernhard and Reisdorf, Achim G and Jaeggi, David and Deplazes, Gaudenz and Bl{\"a}si, Hansruedi and Morard, Alain and Feist-Burkhardt, Susanne and Waltschew, Anton and Dietze, Volker and Menkveld-Gfeller, Ursula},
  booktitle={Mont Terri Rock Laboratory, 20 Years},
  pages={23--39},
  year={2018},
  publisher={Springer}
}