%%Alphabetically

@ARTICLE{Bilke2019337,
author={Bilke, L. and Flemisch, B. and Kalbacher, T. and Kolditz, O. and Helmig, R. and Nagel, T.},
title={Development of Open-Source Porous Media Simulators: Principles and Experiences},
journal={Transport in Porous Media},
year={2019},
volume={130},
number={1},
pages={337-361},
doi={10.1007/s11242-019-01310-1},
note={cited By 3},
url={https://www.scopus.com/inward/record.uri?eid=2-s2.0-85068170902&doi=10.1007%2fs11242-019-01310-1&partnerID=40&md5=33ee985c5c3e4735b93557b9ede5ec1e},
document_type={Article},
source={Scopus},
}

@ARTICLE{Chaudhry20192743,
author={Chaudhry, A.A. and Buchwald, J. and Kolditz, O. and Nagel, T.},
title={Consolidation around a point heat source (correction and verification)},
journal={International Journal for Numerical and Analytical Methods in Geomechanics},
year={2019},
volume={43},
number={18},
pages={2743-2751},
doi={10.1002/nag.2998},
note={cited By 0},
url={https://www.scopus.com/inward/record.uri?eid=2-s2.0-85073786339&doi=10.1002%2fnag.2998&partnerID=40&md5=4cc9559524aafd722e0ae1082176a8d3},
document_type={Article},
source={Scopus},
}

@Article{Rizvi2020,
author="Rizvi, Zarghaam Haider
and Zaidi, Husain Haider
and Akhtar, Syed Jawad
and Sattari, Amir Shorian
and Wuttke, Frank",
title="Soft and hard computation methods for estimation of the effective thermal conductivity of sands",
journal="Heat and Mass Transfer",
year="2020",
month="Feb",
day="08",
issn="1432-1181",
doi="10.1007/s00231-020-02833-w",
url="https://doi.org/10.1007/s00231-020-02833-w"
}

@ARTICLE{Shrestha20191671,
author={Shrestha, D. and Rizvi, Z.H. and Wuttke, F.},
title={Effective thermal conductivity of unsaturated granular geocomposite using lattice element method},
journal={Heat and Mass Transfer/Waerme- und Stoffuebertragung},
year={2019},
volume={55},
number={6},
pages={1671-1683},
doi={10.1007/s00231-018-02544-3},
note={cited By 4},
url={https://www.scopus.com/inward/record.uri?eid=2-s2.0-85059032453&doi=10.1007%2fs00231-018-02544-3&partnerID=40&md5=d47964931a5546e20ff2d0e156e7f50c},
document_type={Article},
source={Scopus},
}

@ARTICLE{Sattari2019266,
author={Sattari, A.S. and Motra, H.B. and Rizvi, Z.H. and Wuttke, F.},
title={A new lattice element method (LEM) with integrated interface elements to determine the effective thermal conductivity of rock solids under thermo-mechanical processes},
journal={Springer Series in Geomechanics and Geoengineering},
year={2019},
volume={0},
number={217729},
pages={266-275},
doi={10.1007/978-3-319-99670-7_34},
note={cited By 0},
url={https://www.scopus.com/inward/record.uri?eid=2-s2.0-85053237962&doi=10.1007%2f978-3-319-99670-7_34&partnerID=40&md5=caafc04ea00ef456211a0881dc5bda13},
document_type={Conference Paper},
source={Scopus},
}

@article{steeb-2020a,
	Author = {P. Schmidt and J. Renner and H. Steeb},
	Journal = {Geophysical Research Letters, submitted},
	Title = {Non-Linear Hydromechanics of Fractures Throughout Harmonic Testing},
	Year = {2020},
	note = {to be submitted}
}

@article{steeb-2020b,
	Author = {P. Schmidt and N. Dutler and J. Renner and H. Steeb},
	Journal = {Journal of Geophysical Research: Solid Earth, submitted},
	Title = {Hydro-Mechanical Analysis of Fracture Flow and Deformation},
	Year = {2020},
	note = {to be submitted}
}

@ARTICLE{Vowinckel2019,
author={Vowinckel, B. and Maßmann, J. and Ziefle, G. and Nagel, T. and Naumov, D. and Guevara More, C.},
title={Numerical analysis of coupled hydraulic-mechanical effects on the barrier integrity of Opalinus clay considering shrinkage and fracturing.},
journal={Geophysical Research Abstracts Vol. 21, EGU General Assembly. 7–12
April, 2019, Vienna, Austria.},
year={2019},
}

@ARTICLE{Zhang2020,
author={Zhang, N. and Nagel, T.},
title={Error-controlled implicit time integration of elasto-visco-plastic constitutive models for rock salt},
journal={International Journal for Numerical and Analytical Methods in Geomechanics},
year={2020},
volume={in press},
number={},
pages={1-18},
doi={10.1002/nag.3049},
note={cited By 0},
url={},
document_type={Article},
}

%ALL
@ARTICLE{Kolditz2020a,
author={Kolditz, O. and andere},
title={GeomInt - Geomechanical integrity of host and barrier rocks - experiment, modeling and analysis of discontinuities},
journal={preparation for the Geo:N Topical Collection in Environmental Earth Sciences},
year={2020},
}

%GeomInt-Buch
@incollection{Kolditz2020b,
author       = {}, 
title        = {{GeomInt - Geomechanical integrity of host and barrier rocks - experiment, modeling and analysis of discontinuities}},
booktitle    = {in preparation for Terrestrial Environmental Sciences},
publisher    = {Springer},
year         = 2020,
pages        = {ca. 250},
address      = {Heidelberg},
note = {in Vorbereitung}
}
